2858 4732
160 155 241 256 αι’

154 388 249 446 τερος
272 356 444 440 ἀνάπλοος
471 364 549 429 ἐστι’.
595 372 679 444 Quae
710 376 771 431 tnm
796 371 833 430 de
857 373 947 431 rebus
970 393 989 432 a
1019 374 1111 431 Bruto
1135 372 1279 432 Gallaeco

154 475 248 549 gestia¹
276 473 447 533 adiciuntur
476 474 601 551 Polybio
632 474 733 534 deberi
758 475 821 550 jam
852 474 962 533 dietum
991 481 1043 534 est.
1096 477 1168 534 Post
1198 477 1278 552 Tagi

154 577 256 653 anapli
272 576 502 652 descriptionem
525 579 612 653 copia
627 577 752 653 piscium
768 585 798 636 et
813 582 978 636 ostreorum
994 578 1140 636 laudatur.
1186 579 1280 637 Deni-

154 697 213 756 que
236 678 372 739 delente
395 686 425 738 et
447 697 538 738 cursu
561 680 627 755 ejus
649 679 761 754 agitur:
783 697 859 755 quae
883 699 899 737 e
921 681 1037 755 periplo
1060 686 1179 757 sumpta
1201 699 1278 750 esse,

153 781 274 858 probari
304 781 373 839 milri
392 780 513 839 videtur
535 783 650 840 ratione
673 800 733 856 qua
754 783 844 839 ceteri
864 783 945 840 fluvii
967 783 996 839 in
1020 801 1092 841 orae
1113 783 1280 841 maritimae

153 883 356 959 descriptione
385 889 662 942 commemorantur.
707 883 906 958 Comparandi
930 894 1000 944 sunt
1023 885 1051 941 ni
1073 885 1142 942 loci:
1173 891 1278 962 c.3,1,

153 986 270 1047 (1152.
294 975 346 1062 (iai
366 971 395 1043 δ’
423 972 455 1057 (ὁ
482 974 595 1061 Τάγος)
619 974 704 1060 ἔχων
726 974 786 1054 τὰς
808 969 909 1062 ἀρχὰς
936 978 973 1042 ἐκ
997 975 1213 1065 Κελτιβήρων
1236 1031 1243 1043 .
1268 1033 1275 1044 .

152 1081 208 1146 ἐπὶ
230 1077 328 1146 δύσιν
344 1076 537 1166 ἰσημερινήν
558 1081 650 1165 μέχρι
672 1084 784 1145 ποσοῦ
806 1077 1064 1166 παράλληλος
1087 1075 1141 1145 οἷν
1159 1086 1216 1166 τῷ
1238 1107 1275 1146 τι

152 1178 227 1271 Ἆνςι
248 1183 304 1248 καὶ
326 1186 376 1267 τῷ
398 1184 494 1248 Bato
517 1186 587 1247 κτλ.

238 1312 263 1352 c.
279 1297 307 1368 3,
318 1297 346 1368 4,
369 1292 398 1352 O.
417 1296 487 1352 153.
515 1278 535 1370 ή
566 1277 595 1348 d'
618 1271 682 1350 cdv
711 1281 832 1368 χώρα.
860 1338 865 1348 .
897 1286 1079 1371 διαρριῑται
1109 1300 1276 1370 ποταμοῖς

150 1384 306 1471 μεγάλοις
320 1411 356 1452 τε
378 1388 435 1451 καὶ
454 1400 595 1471 μικροῖς,
621 1378 768 1452 ἱὶιιαοιν.
788 1441 793 1452 .
810 1384 1087 1472 παραλλήλοις
1101 1392 1150 1472 τῷ
1171 1385 1274 1474 Τάγῳ.

238 1515 261 1554 c.
279 1501 306 1572 3,
324 1501 351 1566 4,
382 1496 493 1556 (1153
525 1503 599 1554 extr.
621 1490 808 1573 περαιτέρω
839 1482 868 1554 ὁ)
890 1489 973 1554 uiuit·
1004 1484 1100 1554 ἄλλοι
1127 1493 1277 1574 ποταμοὶ

151 1584 399 1677 παράλληλοι
421 1605 492 1666 τοῖς
514 1595 688 1674 lapsarum.

237 1720 262 1760 c.
277 1706 305 1777 4,
318 1705 345 1771 6,
377 1701 407 1760 O.
425 1704 484 1760 158
515 1706 589 1759 extr.
614 1690 664 1777 (iat
693 1685 723 1756 δ’
752 1683 783 1767 td
806 1690 988 1777 Σούκρων)
1021 1696 1058 1759 ἐκ
1085 1700 1148 1759 τοῦ
1180 1714 1275 1761 ουνε-

148 1800 230 1880 χοῦς
252 1789 352 1880 ὅρους
375 1848 381 1859 .
408 1849 413 1858 .
437 1791 695 1881 παράλληλος
718 1797 755 1860 ‹l'a'
775 1820 849 1873 πως
870 1801 919 1882 τῷ
938 1790 1042 1883 Ἴβηρι.

236 1925 261 1965 c.
276 1910 305 1982 4,
318 1910 344 1976 6,
368 1906 399 1965 G.
416 1908 475 1965 159
499 1896 549 1981 ριῑ
571 1889 600 1961 d'
623 1891 747 1983 ὁἼβηρ
776 1890 843 1964 οἷιιὸ
864 1897 1074 1985 Καντάβρων
1100 1898 1185 1983 ἔχων
1212 1895 1269 1974 τὰς

150 1993 272 2086 ἀρχὰς.
296 2053 301 2063 .
327 1997 382 2064 διὰ
398 2003 530 2065 πολλοῦ
552 2001 686 2064 ardica·
702 1996 951 2086 παράλληλος
973 2015 1045 2077 τοῖς
1070 2002 1270 2087 Πυρηναίοις

150 2099 271 2190 ὄρεσιν.

235 2213 377 2273 Videmus
401 2214 529 2272 omnium
560 2213 665 2271 borum
697 2214 849 2271 fluminum
873 2231 991 2271 cursum
1024 2214 1065 2272 ita
1093 2213 1209 2272 definiri
1244 2219 1273 2273 et

149 2315 319 2391 significari,
342 2315 525 2390 abdicatur,
554 2315 670 2372 cuinam
695 2315 822 2390 quisque
845 2315 953 2373 fluvius
984 2315 1072 2374 tluvic
1100 2316 1149 2373 vel
1180 2315 1272 2374 monti

149 2417 309 2493 parallelus
332 2416 382 2476 sii:
405 2417 485 2476 unde
504 2417 574 2493 jure
598 2416 734 2475 concludi
767 2435 856 2493 posse
880 2417 950 2475 mibi
973 2417 1099 2487 videtur,
1130 2418 1181 2476 uui
1212 2419 1272 2476 cui-

150 2520 216 2579 dam
240 2520 338 2580 autori
362 2520 435 2578 haec
458 2519 618 2578 tribuenda
649 2536 715 2577 esse
738 2523 828 2594 atque
853 2521 993 2595 quoniam
1018 2523 1046 2576 in
1070 2538 1139 2579 orae
1163 2521 1272 2580 mariti·

149 2642 215 2682 mae
238 2621 440 2699 descriptione
464 2641 500 2681 ea
523 2641 541 2678 a
560 2620 708 2680 Strabone
731 2621 925 2695 proferuntur
948 2628 977 2679 et
1000 2623 1119 2681 cannino
1143 2623 1272 2697 proferri

149 2724 272 2799 debent,
295 2725 408 2793 risseio,
439 2725 487 2782 cui
511 2722 648 2798 scriptori
672 2722 783 2799 majore
814 2724 1019 2798 probabilitate
1047 2743 1083 2781 eu
1111 2724 1272 2783 reddamus

149 2844 238 2901 quarn
261 2825 371 2903 peripli
389 2826 513 2884 auctori.
558 2823 643 2897 Quae
661 2844 726 2883 eum
752 2825 793 2884 ita
816 2826 883 2900 sint,
909 2845 987 2883 rrunc
1003 2826 1123 2900 quidem
1148 2845 1183 2884 ea
1199 2847 1272 2902 quo-

149 2946 207 3004 quc
230 2946 289 2986 nori
314 2928 422 3004 injuria
437 2927 541 2987 eodem
562 2945 608 2985 me
623 2927 780 2986 reduxisse
803 2932 884 3002 puto,
907 2945 983 3002 quae
1007 2928 1044 2985 dc
1067 2928 1165 2986 fluviis
1187 2930 1270 2988 Baeti

148 3032 215 3089 Ana
236 3031 321 3105 Tago
343 3030 372 3088 in
388 3048 412 3088 c.
430 3034 456 3104 1,
469 3034 497 3106 6,
520 3029 551 3089 (l.
569 3031 627 3089 139
644 3030 859 3088 convenienter
879 3029 969 3105 liujus
993 3049 1053 3105 par.
1071 3030 1170 3089 verbis
1193 3032 1272 3090 dieta

148 3138 226 3190 sunt.
269 3133 329 3190 lam
354 3137 386 3190 ut
408 3150 489 3191 nune

678 3217 745 3286 §a

149 3324 380 3395 praetereamus,
402 3336 463 3396 qua
478 3319 582 3395 populi
606 3317 827 3378 mediterranea
843 3325 979 3379 tenentes
994 3326 1220 3396 enumerantur,
1241 3323 1270 3381 in

677 3439 744 3507 13.

147 3539 184 3597 ad
208 3539 382 3599 Lusitaniae
409 3541 638 3615 descriptionem
663 3541 840 3600 accedimus.
891 3542 1128 3600 Consentaneum
1154 3549 1210 3612 est,
1240 3544 1269 3602 in

148 3643 263 3716 periplo
292 3644 368 3702 sicut
403 3652 491 3703 antea
521 3641 557 3715 (e.
579 3647 605 3719 2,
620 3647 645 3712 1,
670 3643 700 3702 O.
714 3641 788 3714 141)
822 3645 850 3701 in
884 3645 1086 3703 Turdetaniam
1124 3664 1176 3703 ora
1206 3647 1269 3705 des-

149 3743 291 3803 cribenda
314 3745 404 3803 totius
428 3750 527 3805 terrae
542 3744 616 3805 fines
639 3751 777 3804 accurate
801 3746 912 3804 deliniti
929 3753 1007 3818 sunt,
1031 3747 1077 3804 bic
1097 3747 1271 3808 Lusitaniae

148 3846 221 3904 tirius
244 3847 410 3921 explicatos
430 3866 503 3906 csse.
549 3848 636 3907 Certo
660 3853 757 3906 autem
779 3854 953 3924 argumento
977 3849 1057 3906 infra
1079 3849 1196 3908 demum
1220 3851 1269 3910 de·

147 3950 333 4023 monstrabo,
375 3949 452 4007 barac
490 3951 664 4010 lusitaniae
704 3950 806 4009 finium
841 3952 1070 4026 descriptionem
1104 3971 1120 4008 e
1154 3954 1269 4029 periplo

148 4052 277 4110 tinxisse.
322 4053 353 4109 ln
378 4052 572 4126 sequentibus
595 4053 692 4111 verbis
716 4053 752 4109 de
773 4053 945 4111 lusitaniae
969 4055 1079 4111 :trrrbitn
1103 4057 1208 4127 agitur,
1233 4055 1270 4114 de

147 4174 207 4228 qua
229 4174 259 4211 re
283 4156 311 4212 iu
336 4154 393 4211 alio
423 4172 520 4211 rurum
545 4174 659 4212 eorrcxu
692 4155 838 4212 disserere
867 4157 933 4213 mibi
959 4158 1111 4230 proposui.
1156 4159 1186 4215 ln
1211 4159 1268 4217 line
