2858 4732
711 354 779 422 §a
847 411 848 414 ,

266 456 353 515 Initio
374 455 462 515 huius
478 475 540 533 par.
556 457 662 515 iterum
684 457 791 516 Strabo
815 456 939 531 exponit
959 454 1111 533 derebus,
1134 475 1211 533 quae
1228 458 1310 518 inter
1341 531 1344 536 Ι

181 559 337 634 Emporias
353 563 382 618 et
397 559 520 634 Pompei
537 562 678 634 tropaeas
700 561 849 618 mentione
873 557 982 634 dignae
1006 564 1084 618 sunt.
1129 562 1206 620 Tum
1222 566 1308 637 post-

179 679 266 736 quam
291 662 528 751 Emporieusium
559 663 721 721 nonnullos
752 668 886 720 extrema
909 663 1042 737 Pyrenes
1070 664 1207 722 accolere
1230 663 1309 723 dixit

180 765 313 822 annectit
343 763 569 839 descriptionem
602 765 667 822 viae
691 782 767 839 qrrac
796 769 840 822 est
868 782 885 820 a
908 764 1029 839 Pompei
1053 767 1185 840 tropaeis
1208 783 1307 841 usquc

180 863 380 924 Obulconem:
414 858 460 936 είς
491 850 596 923 ταύτὸ
631 859 665 923 δὲ
687 860 866 923 τείνουσαν
897 861 937 941 τῇ
959 860 1123 947 προτέρᾳ,
1156 856 1199 923 τὰ
1226 863 1307 945 περὶ

179 964 368 1025 Κοστλοῖνα
390 962 446 1024 καὶ
469 952 695 1040 Ὀβούλκτοναῑ
728 986 783 1044 per
811 986 888 1044 quae
909 959 977 1026 'loca
999 970 1076 1026 viam
1102 987 1166 1028 esse
1190 969 1306 1029 Cordu-

178 1070 244 1128 bam
268 1075 296 1129 et
319 1070 418 1130 Gades
441 1071 603 1145 subiungit.
648 1072 821 1147 Spectemus
844 1072 989 1128 rationem
1015 1077 1044 1129 et
1060 1072 1189 1130 colorem
1213 1072 1305 1131 huius

178 1173 396 1250 descriptionis,
440 1173 570 1232 Primum
604 1172 722 1249 quidem
752 1174 830 1231 exile
861 1173 1011 1249 quoddam
1041 1175 1224 1233 itinerarium
1256 1175 1306 1234 hic

177 1294 237 1333 non
260 1276 382 1334 subesse
406 1283 531 1350 apparet
554 1294 568 1333 e
593 1276 705 1334 vermis:
736 1321 743 1332 .
766 1319 772 1332 .
794 1272 843 1352 cpi
873 1268 1080 1353 Σπαρταρίῳ
1102 1269 1304 1355 καλουμένῳ

175 1370 299 1454 πεδίον
324 1374 427 1435 τοῦτο
452 1363 480 1434 δ’
504 1371 572 1436 εστὶ
598 1423 603 1434 .
629 1423 634 1434 .
659 1421 665 1435 .
688 1363 749 1456 τὴν
773 1361 931 1434 Ἰταλίαν
955 1378 1034 1436 rande
1057 1379 1202 1454 suspicari
1226 1380 1305 1456 licet,

177 1481 262 1538 etiam
286 1480 416 1556 priorem
441 1485 556 1555 partem
590 1480 669 1556 apud
694 1483 846 1537 auctorem
880 1481 943 1538 eius
975 1480 1127 1555 aliquanto
1152 1482 1304 1556 copiosius

176 1586 333 1641 tractatam
358 1600 422 1640 esse
446 1601 533 1657 qiram
559 1580 638 1658 apud
663 1581 852 1641 Strabonem:
880 1577 1013 1659 φέρεται
1037 1576 1073 1639 δὲ
1096 1575 1152 1640 ίπὶ
1178 1573 1303 1661 Ταρρα-

174 1700 267 1741 κοτνα
290 1668 357 1741 ἀπὸ
387 1681 458 1741 τοῖν
482 1669 711 1760 ἀναθημάτων
733 1681 796 1740 τοῦ
820 1679 1001 1761 Πομπηίου
1035 1675 1089 1741 διὰ
1118 1680 1179 1743 τοῦ
1202 1670 1303 1763 Ἰουγ-

174 1781 295 1864 καρίου
317 1780 437 1843 πεὸίοο
463 1830 470 1843 .
495 1832 499 1841 .
526 1832 530 1840 .
578 1787 637 1843 lam
664 1805 728 1844 cum
754 1804 875 1861 campus
891 1788 1048 1844 luncarius
1064 1787 1109 1844 bis
1126 1806 1302 1847 commemo·

175 1895 267 1966 retur,
298 1890 423 1965 primum
448 1893 517 1947 ante
547 1890 639 1964 ipsam
671 1891 737 1947 viae
762 1888 1001 1964 descriptionem,
1034 1888 1142 1948 deinde
1173 1891 1200 1947 in
1232 1892 1302 1950 viae

176 1992 458 2066 c1u·su,verisimilo
482 1994 534 2062 cst,
565 1993 650 2050 ctiam
676 1992 790 2050 initium
816 1992 904 2049 hrains
928 2009 991 2066 par.
1014 2011 1051 2050 ex
1081 1991 1137 2051 hac
1160 1992 1227 2051 viae
1251 1993 1302 2052 de-

174 2095 336 2170 scriptione
360 2097 510 2169 sumptum
534 2111 608 2152 csse.
654 2095 727 2151 Viae
759 2093 990 2168 descriptionem
1022 2093 1142 2170 uiridem
1172 2101 1301 2171 apparet

176 2197 311 2272 coepisse
327 2216 344 2254 a
359 2195 481 2271 Pompei
499 2197 639 2270 tropaeis.
666 2195 709 2253 lbi
725 2188 812 2264 τινὲς
827 2192 897 2252 τῶν
913 2180 1117 2271 Ἐνπορττῶν
1128 2189 1299 2272 νέμονται.

173 2300 277 2374 Pergit
310 2299 358 2356 via
388 2298 425 2356 ad
458 2287 521 2374 τὴν
549 2287 730 2374 μεσόγαιαν·
759 2299 995 2374 Emporienaium
1025 2284 1156 2374 χώραν,
1191 2299 1301 2358 transit

173 2401 309 2475 fluvium,
339 2401 388 2476 qui
414 2399 522 2457 dicitur
544 2392 581 2455 ἐκ
610 2396 669 2476 τῆς
693 2388 848 2477 Πειρήνης
883 2389 968 2475 ἔχων
995 2389 1055 2468 τας
1087 2384 1195 2476 ἀρχάς.
1242 2401 1300 2459 Hic

175 2498 293 2579 portum
319 2502 410 2560 efficit
427 2503 679 2578 limporiensibus,
703 2519 777 2577 ques
794 2501 916 2560 liniticio
940 2521 1058 2576 operam
1077 2502 1149 2560 darc
1164 2503 1299 2561 breviter

173 2607 290 2665 mentio
316 2605 356 2664 fit.
411 2605 525 2663 Deinde
559 2624 613 2680 per
647 2606 702 2662 alia
741 2605 804 2662 laica
839 2606 1040 2663 Tarraconem
1072 2604 1298 2681 proficiscimur.

172 2709 263 2767 Hunc
288 2708 350 2766 fere
372 2726 479 2767 censeo
503 2708 711 2784 descriptionis
733 2711 864 2766 tenorem
882 2707 982 2765 fuisse.
1027 2707 1132 2766 Strabo
1148 2708 1298 2783 nimirum,

172 2811 222 2886 qui
254 2812 283 2868 in
316 2829 379 2887 par.
402 2815 507 2869 octava
539 2815 671 2869 extrema
706 2812 733 2866 in
770 2811 859 2868 rebus
894 2809 930 2867 de
956 2809 1103 2885 Emporiis
1138 2810 1298 2869 narrandis

171 2913 312 2989 substitit,
334 2913 439 2971 ordine
461 2931 509 2971 res
533 2931 627 2988 usquc
651 2913 687 2970 ad
712 2914 834 2987 Pompei
859 2919 984 2988 tropaea
1000 2912 1150 2986 explicare
1173 2912 1297 2972 studuit.

172 3015 239 3088 Quo
262 3015 372 3073 factum
396 3020 454 3085 est,
486 3019 519 3072 ut
551 3017 699 3074 contrario
735 3014 839 3074 ordine
875 3033 940 3072 eum
976 3014 1144 3073 describere
1173 3032 1297 3074 necesse

171 3122 258 3177 esset.
303 3119 375 3178 Oum
399 3124 497 3176 autem
522 3136 556 3177 eo
580 3116 767 3193 advenisset,
790 3119 855 3177 viae
878 3119 973 3193 ipsam
991 3117 1221 3191 descriptionem
1245 3117 1297 3175 ad-

171 3219 269 3280 iunxit
292 3240 326 3279 ae
343 3225 403 3279 tum
427 3221 551 3297 primam
575 3224 690 3297 partem
713 3221 750 3278 de
767 3239 827 3296 qua
843 3221 898 3278 iam
923 3221 993 3295 egit,
1016 3219 1146 3278 breviter
1162 3219 1296 3294 perfecit.

171 3318 298 3382 Iieindc‘
316 3323 537 3382 consideremus
565 3322 638 3381 haee
662 3323 767 3381 verba:
790 3314 951 3379 ἐντεῦθεν
975 3308 1030 3378 ded
1044 3311 1246 3398 Σαγούντοο
1264 3364 1297 3379 ..

170 3416 342 3501 ἐνεχθεῖσα
365 3413 450 3481 κατὰ
472 3413 593 3500 μικρὸν
616 3408 795 3498 ἀφίσταται
817 3420 877 3500 τῆς
900 3408 1071 3502 θαλάττης
1094 3417 1150 3480 καὶ
1172 3413 1296 3481 συνάπ-

168 3543 218 3583 τει
240 3522 289 3603 τῷ
313 3520 520 3603 Σπαρταρίφ
543 3571 549 3583 .
574 3573 579 3584 .
603 3571 608 3582 .
632 3570 638 3584 .
666 3519 738 3582 eund
765 3518 799 3583 ds
823 3519 876 3582 ἐπὶ
900 3515 941 3581 τὰ
963 3568 969 3581 .
994 3571 1029 3583 ..
1060 3514 1296 3602 ίπιψαύονσαν

168 3614 276 3706 μόνον
299 3673 304 3684 .
329 3628 419 3687 ,ma
465 3631 547 3688 Haec
564 3629 670 3688 Strabo
687 3647 752 3687 mea
768 3630 916 3688 sententia
936 3649 953 3685 a
975 3628 1056 3687 nullo
1073 3635 1176 3704 petere
1191 3629 1296 3704 potuit,

172 3732 228 3789 nisi
253 3731 289 3789 ab
313 3733 414 3808 aliquo
444 3733 493 3808 qui
518 3751 595 3807 quae
623 3732 687 3807 ipse
711 3731 839 3806 videret,
867 3730 1009 3805 depinxit.
1055 3731 1131 3789 Tum
1155 3735 1225 3806 post
1247 3731 1295 3788 dc·

169 3833 340 3908 scriptionis
370 3834 458 3892 tinem
482 3834 587 3892 Strabo
612 3835 700 3892 adicit
723 3834 826 3892 verba:
856 3827 933 3906 φασὶ
967 3826 1001 3890 δὲ
1032 3824 1062 3889 oi
1095 3838 1293 3909 συγγραφεῖς

168 3928 281 3993 ἐλθεῖν
312 3930 460 4012 Καίσαρα
495 3930 531 3994 ἐκ
557 3924 676 4015 Ῥώμης
715 3922 800 3992 ἑπτά
834 3929 890 3992 καὶ
921 3927 1047 3993 aiacem·
1075 3922 1212 4014 ἡμέραις
1250 3927 1296 4003 είς

166 4023 229 4114 τὴν
262 4024 476 4109 &dedixerint
511 4082 517 4096 .
552 4082 558 4095 .
610 4040 686 4096 Huic
719 4038 922 4096 additamento
957 4038 1058 4112 alquid
1091 4039 1154 4095 miri
1190 4039 1296 4114 inesse,

167 4140 292 4198 sortasse
318 4159 394 4199 rrrrrrs
416 4141 549 4216 quisque
573 4140 693 4198 sentiet:
725 4139 884 4215 descripsit
900 4139 1005 4198 Strabo
1030 4141 1105 4198 viam
1130 4160 1146 4199 a
1169 4140 1293 4215 Pompei
