2858 4732
190 205 230 266 26

192 379 371 451 verbotenus
395 399 487 455 prope
517 380 594 455 apud
620 381 793 440 Strabonem
819 391 967 440 servatum
1001 402 1065 440 esse
1099 382 1197 439 verius
1221 370 1314 458 ῥάχις·

190 467 302 560 ripario)
326 481 395 541 κτλ.
423 501 499 558 quae
523 502 615 559 supra
647 484 740 542 attoli.
785 485 891 560 Neque
915 484 1067 543 oti'eudere
1091 488 1208 559 oportet
1232 484 1313 559 quod

189 584 396 644 Artemidorus
435 586 552 661 quidem
595 586 675 660 apud
711 585 893 661 Stephanum
930 587 1038 663 pergit:
1082 582 1221 663 αριῗιτσα
1253 579 1315 661 μὲι·

190 671 367 763 ίὶριταιαί,
399 688 505 747 Strabo
537 706 607 747 vero
631 688 703 746 dieit
735 678 826 766 ῥάχις
854 672 965 765 riparia}
998 685 1056 764 τῆς
1084 681 1315 765 Ιδαστιγταιιίας

190 784 246 845 καὶ
276 786 348 846 τῶν
377 770 572 867 Ὠριγταιιῶα.
623 792 698 848 Nam
733 795 826 849 totum
863 791 982 849 dorsum
1020 793 1049 848 iu
1084 793 1312 850 Bastetaoorum

189 896 269 950 terra
285 897 338 962 est,
362 893 412 968 qui
428 892 592 951 seeundum
611 912 692 952 oram
710 895 880 951 maritimam
903 894 1045 952 habitant.
1090 892 1212 952 Oretani
1232 911 1315 966 vero,

190 995 240 1070 qui
265 995 358 1069 magis
384 996 545 1054 introrsum
576 995 612 1053 ab
644 1014 695 1054 ora
723 996 869 1054 maritima
903 997 1049 1055 adversus
1079 995 1314 1071 septentrionem

189 1097 348 1173 pertinent,
371 1097 423 1155 iras
439 1098 578 1172 regiones
595 1098 682 1157 modo
698 1101 827 1173 tangunt
844 1117 868 1156 e.
885 1104 911 1167 3,
925 1104 952 1158 2.
974 1099 1004 1158 C.
1022 1103 1081 1158 152
1097 1090 1268 1175 δλριγταναί
1284 1141 1289 1152 .
1309 1141 1314 1151 .

192 1186 368 1275 διήκοντες
392 1191 427 1256 ἐκ
449 1192 570 1276 μέρους
591 1191 685 1276 μέχρι
707 1196 766 1276 τῆς
788 1195 954 1277 παραλίας
976 1197 1034 1277 τῆς
1059 1184 1153 1267 ἐντὸς
1175 1194 1316 1275 στηλῶν.

191 1301 257 1373 Qua
273 1300 310 1359 de
327 1319 417 1360 eausa
441 1303 528 1359 etiam
546 1304 569 1360 is
593 1303 645 1378 qui
660 1301 750 1361 tradit
772 1299 913 1379 ,πρῶτον
935 1294 995 1378 μὲν
1010 1286 1190 1380 Ώριγταααί,
1215 1300 1316 1358 dieere

190 1407 289 1479 potest
312 1392 404 1480 ῥάχις
428 1401 488 1482 τῆς
510 1398 740 1482 Βαστιγταιιίας
755 1399 811 1462 καὶ
827 1402 898 1462 ταῦτ’
914 1387 1109 1482 Ὠριγταιαῦα.
1154 1405 1317 1462 Praeterea

191 1507 219 1563 in
243 1506 361 1582 reliqua
383 1507 540 1566 Strabonis
563 1507 767 1583 descriptione
790 1506 915 1566 Oretani
939 1507 1065 1566 eundem
1090 1507 1187 1565 locum
1211 1510 1317 1564 teuent

191 1611 283 1683 atque
298 1609 378 1683 apud
395 1611 631 1669 Artemidorum:
649 1610 728 1686 quod
746 1612 843 1669 elueet
859 1630 895 1668 ex
912 1612 956 1668 iris
973 1610 1046 1668 loeis
1062 1613 1122 1686 ed,
1134 1613 1180 1681 14,
1197 1608 1228 1669 (i.
1243 1612 1316 1668 163:

190 1695 285 1768 Μετὰ
309 1703 344 1768 δὲ
374 1698 454 1781 τοὺς
477 1707 681 1789 Κελτίβηρας
703 1700 788 1788 πρὸς
811 1701 915 1770 νότου
940 1705 1023 1769 εἰσὶν
1049 1757 1053 1767 .
1080 1758 1085 1767 .
1110 1705 1166 1768 καὶ
1189 1707 1317 1786 Buden-

191 1807 289 1870 ταιόὶ
313 1808 369 1870 καὶ
391 1799 563 1893 Ὠρηταιόὶ
585 1804 702 1892 σχεδὸν
719 1808 755 1873 δι’
768 1833 801 1872 τι
816 1809 871 1871 καὶ
900 1808 993 1891 μέχρι
1016 1802 1178 1882 Μαλάκας
1208 1831 1232 1871 e.
1248 1817 1277 1887 4,
1289 1816 1317 1875 ‘A

190 1914 321 1976 C.156.:
344 1901 443 1986 αδλις
466 1901 495 1974 δ’
512 1909 603 1975 ἐστὶν
625 1911 661 1974 ἐν
684 1915 724 1992 τῇ
738 1911 885 1996 παραλίᾳ
901 1906 1007 1991 ταύτῃΔ
1022 1904 1141 1993 πραίτιγ
1161 1903 1314 1973 iustruxit.

190 2018 292 2093 Atque
316 2037 395 2077 nune
418 2019 538 2095 quidem
563 2019 722 2078 dilucidius
745 2021 916 2096 perspicere
939 2036 1105 2095 possumus²
1127 2017 1200 2093 quid
1224 2021 1316 2076 statu-

191 2119 300 2178 endum
325 2121 363 2180 sit
386 2121 423 2181 de
447 2122 492 2180 Ais
524 2123 609 2181 loeis:
632 2121 728 2182 Strab.
744 2123 796 2181 111.
814 2127 841 2197 3,
854 2127 881 2198 2,
912 2121 943 2182 O.
961 2125 1042 2181 152:
1071 2117 1131 2197 τῆς
1159 2112 1220 2195 μὲν
1253 2104 1317 2176 οὖν

190 2206 381 2300 &torpeas-'iae
417 2213 736 2301 apeerroeaa'mood
767 2217 849 2283 ἐστι
883 2213 981 2292 πόλις
1012 2206 1316 2281 ίιάστσυλιδακαὶ

190 2309 298 2401 'Alpion
345 2327 445 2404 Steph.
468 2346 491 2386 s.
507 2347 534 2386 v.
557 2315 753 2400 Κασταλίαν,
776 2320 910 2405 μεγίστη
932 2315 1031 2395 πόλις
1046 2309 1247 2402 ’.(λρηταιιίας)
1271 2309 1317 2388 ὡς

191 2411 425 2505 ίίρτιμίδωρσς
446 2425 568 2508 τρίτῳ
584 2447 708 2507 γιιαγρ
718 2423 955 2506 αῳουμίααια
970 2428 1072 2504 Steplr.
1087 2446 1109 2486 s.
1120 2447 1145 2486 v.
1158 2413 1279 2502 Ὠρισία
1292 2469 1314 2480 ..

191 2517 428 2610 ,Ἀρτεμίδωρος
456 2525 499 2590 ἐι·
522 2526 695 2611 δευτέρῳ
724 2525 1093 2610 γιαιγραῳουμιάιαυ
1117 2575 1123 2588 .
1148 2575 1153 2586 .
1177 2526 1317 2606 πρῶτον

189 2627 250 2710 μὲν
273 2619 444 2711 Ὠριταιόί,
470 2621 583 2705 τιδλεις
611 2619 640 2693 δ’
663 2628 699 2693 ἑν
727 2618 840 2704 αὐτοῖς
867 2626 929 2691 εἰσι
958 2622 1097 2710 μεγάλαι
1125 2616 1230 2708 Όρσία
1261 2626 1317 2689 καὶ

191 2725 387 2793 Καστάλιον.
439 2739 524 2796 Duae
556 2738 633 2797 euim
665 2745 735 2797 sunt
767 2755 824 2807 res,
855 2739 884 2794 in
915 2737 1023 2812 quibus
1055 2736 1111 2793 viri
1139 2735 1218 2792 doeti
1252 2735 1317 2808 iure

192 2839 389 2898 offenderunt.
434 2841 564 2899 Primum
581 2840 701 2916 quidem
718 2839 824 2899 Strabo
849 2857 872 2897 e.
889 2844 916 2908 3,
931 2844 959 2905 2,
982 2839 1012 2898 Ο.
1032 2840 1098 2897 152.
1123 2836 1159 2895 de
1176 2836 1317 2913 primaria

192 2931 479 3019 (κρατιστεύσασα)
512 2942 671 3003 Oretaniae
703 2943 778 3002 urbe
808 2942 926 3001 loeutus
965 2940 1024 3000 duo
1056 2941 1175 2999 uomina
1208 2939 1317 2997 subieit

192 3031 398 3104 Καστουλώα
422 3039 478 3103 καὶ
494 3033 589 3123 ’Sipia
636 3044 753 3104 Deinde
769 3050 868 3103 autem
885 3043 965 3119 apud
982 3043 1082 3118 Steph.
1099 3060 1122 3100 s.
1139 3061 1165 3099 v.
1189 3039 1317 3099 Καστα-

193 3137 264 3205 λιόν
287 3149 469 3207 Artemidori
502 3148 576 3207 liber
606 3149 710 3207 tertius
738 3149 876 3217 affertur,
906 3164 971 3204 sv.
1002 3128 1122 3222 Ξλρισία
1152 3162 1237 3219 vero,
1269 3143 1318 3202 ubi

193 3270 258 3310 eum
283 3251 349 3310 aliis
373 3252 464 3310 rebus
487 3250 590 3309 eadem
614 3254 705 3326 atque
727 3267 750 3309 s.
766 3269 793 3308 v.
809 3237 996 3306 Κασταλίαν
1018 3249 1219 3322 exponuntur,
1242 3246 1318 3304 iiber

191 3353 343 3412 secundus
381 3355 498 3412 nitatur.
557 3354 689 3412 Priorem
724 3353 786 3429 jam
826 3350 1033 3409 difficultatem
1067 3350 1234 3407 Kramerus
1277 3349 1318 3407 ita

192 3455 355 3514 tollendam
387 3473 453 3515 esse
482 3456 664 3530 suspicatur,
696 3461 729 3513 ut
757 3454 922 3513 ser-ibamus
949 3436 1229 3530 κρατιστιδουσαί
1256 3444 1318 3508 εἰσι

191 3547 314 3629 πόλεις,
338 3558 418 3634 quod
440 3558 622 3634 respondeat
637 3557 816 3616 Artemidori
833 3557 932 3615 verbis
955 3544 1069 3623 πόλεις
1092 3538 1121 3612 δ’
1144 3545 1180 3610 ἐν
1204 3537 1318 3622 αὐτοῖς

193 3653 252 3718 τίσι
276 3649 419 3738 μεγάλαι
438 3660 473 3731 [s.
490 3681 517 3719 v.
532 3644 673 3737 ’.(λρισία.)
719 3659 850 3719 Ukertus
867 3665 964 3717 autem
982 3658 1031 3728 (ΙΙ.
1053 3662 1078 3715 1.
1100 3676 1127 3732 p.
1145 3651 1216 3730 411)
1234 3656 1317 3715 dicit:

192 3764 300 3823 Strabo
324 3764 472 3840 hemerin,
500 3764 547 3822 die
570 3763 787 3838 angeseheuste
810 3760 896 3820 Stadt
919 3763 960 3820 sei
985 3760 1113 3829 Castulo,
1145 3759 1320 3834 angelriiugt

192 3869 229 3926 ist
252 3867 333 3925 daun
349 3861 405 3924 καὶ
428 3850 523 3943 trodo,
547 3885 609 3925 was
625 3865 776 3924 vielleieht
791 3865 838 3924 eiu
863 3864 1122 3940 mitterer-Zoana
1138 3862 1183 3920 ist.
1229 3861 1318 3933 Quod

192 3989 263 4029 vero
286 3969 365 4045 apud
389 3963 491 4044 Steplr.
514 3970 609 4028 altero
632 3970 697 4027 loeo
722 3971 820 4026 exstat
840 3950 1076 4043 Ῐίρττμίδατρσς
1107 3956 1143 4020 ἐι)
1172 3956 1318 4040 δευτέρῳ

191 4073 286 4130 altero
302 4063 338 4128 ἐν
361 4065 464 4148 τρίτῳ
486 4064 810 4148 γιωγραῳουμένων,
835 4068 946 4127 Stiehle
962 4068 1081 4138 (Philol.
1098 4068 1128 4125 B.
1142 4071 1189 4125 11.
1206 4086 1234 4142 p.
1246 4060 1317 4140 189)

192 4185 295 4236 eeuset
318 4176 497 4251 scripturam
531 4167 634 4251 τρίτῳ
659 4174 730 4232 vitio
754 4172 883 4249 quodam
909 4192 924 4229 e
948 4163 1093 4247 δευτέρῳ
1126 4173 1220 4228 ortam
1244 4187 1319 4228 esse.
