2858 4732
1237 228 1271 286 11

160 402 240 459 harre
272 402 446 476 scriptorem
480 405 507 459 iu
539 402 615 458 bollo
647 402 828 459 b'umantino
857 401 1052 460 describendo
1084 401 1281 475 recordatum,

157 521 235 578 quac
260 509 348 561 antea
371 501 504 578 dixisset,
535 502 706 560 Lusit-auiae
738 522 785 561 res
809 509 936 561 mutatas
959 502 1151 578 significasse,
1180 504 1205 561 ei
1230 521 1280 578 po·

156 604 298 662 tissimum
323 603 450 662 tribuam
475 604 553 662 hanc
575 603 613 662 de
644 605 799 663 lussitania
822 604 1050 680 expositionem,
1082 623 1160 680 quae
1182 622 1280 681 neque

154 706 190 764 ad
216 706 317 782 priora
345 724 443 782 neque
475 705 511 764 ad
535 704 690 765 Strabonis
721 706 816 783 ipsius
846 710 981 783 tempora
1011 706 1139 784 quadrat
1162 704 1200 779 (e.
1212 712 1240 783 3,
1252 712 1280 768 8.

155 810 267 869 0156
297 792 383 866 ἀλλὰ
405 805 470 866 νῦν
492 805 658 867 πέπαυται
689 805 906 886 πολεμοῦντα
931 794 1067 881 πάντα).
1111 809 1280 868 Redeamus

155 930 244 987 nunc,
267 911 346 970 urrde
363 910 485 986 digressi
502 929 612 987 sumus,
635 912 671 969 ad
689 911 779 970 verba
803 930 826 970 c.
846 916 902 988 1,s
926 895 970 988 ἣν
991 905 1149 970 Κελτικοὶ
1165 906 1279 989 νέμον-

158 1030 213 1070 ται
236 1003 276 1070 τὸ
299 1007 405 1071 πλέον
427 1007 482 1070 καὶ
505 1010 575 1071 τῶν
591 1010 791 1072 Λυσιτανῶν
812 1030 899 1084 τινες
921 1008 1189 1090 μετοικισθέντες
1210 998 1279 1072 ὑπὸ

148 1103 340 1192 Ῥωμαίων·
368 1134 446 1191 (μιαο
469 1134 540 1188 eum
557 1120 661 1192 aperte
684 1116 887 1193 respondeant
909 1117 1007 1176 verbis
1032 1135 1055 1175 c.
1073 1121 1131 1188 3,5
1156 1117 1187 1176 G.
1206 1121 1277 1178 154:

160 1210 249 1287 ἐνίας
273 1211 386 1276 δὲκαὶ
411 1212 656 1295 συνοικίζοντες
679 1213 824 1292 βέλτιον,
854 1218 979 1278 eandem
1010 1223 1100 1296 atquc
1131 1219 1182 1278 ilia
1212 1239 1279 1296 pro-

154 1319 230 1379 dunt
252 1321 405 1395 originem,
427 1338 515 1396 quam
545 1338 610 1380 esse
640 1340 677 1380 ex
708 1321 825 1397 Polybii
857 1322 1058 1399 descriptione
1083 1322 1276 1398 repetendam

156 1421 283 1498 probare
306 1427 431 1482 conatus
455 1441 528 1482 sum.
573 1424 645 1482 Post
668 1423 746 1482 hanc
769 1424 931 1484 incolarum
957 1425 1134 1483 mentionem
1159 1425 1196 1482 de
1216 1430 1278 1483 tota

155 1526 277 1601 regione
294 1525 364 1585 dicit
379 1523 502 1585 Strabo:
526 1511 607 1605 αὕτη
623 1518 683 1602 μὲν
707 1506 768 1584 οὖν
783 1520 803 1605 ἡ
816 1516 909 1604 χώρα
930 1519 999 1585 ἐστὶ
1014 1521 1155 1604 μετρίοις
1170 1511 1279 1584 addui-

152 1643 243 1703 pmv:
266 1646 344 1704 qnae
367 1629 459 1687 verba
480 1627 634 1687 Strabonis
658 1630 752 1705 ipsios
775 1631 895 1706 ingenio
919 1629 1020 1688 deberi
1044 1630 1113 1689 mibi
1136 1629 1278 1688 videntur

155 1749 191 1789 eo
215 1731 337 1789 consilio
360 1730 471 1806 addita,
494 1736 526 1790 ut
548 1730 585 1789 ad
609 1732 764 1807 sequentia
787 1737 966 1791 transeatur.

294 1922 324 2001 ⁴2.
347 1919 397 1977 Do
420 1919 587 1978 Baeticae
611 1919 814 1979 nominihus
838 1919 971 1978 incolis
995 1919 1140 1978 finibus.

224 2038 299 2095 ‘lam
330 2038 433 2113 incipit
455 2037 658 2097 Turdetaniae
682 2038 850 2116 descriptio,
872 2040 956 2097 cuius
972 2038 1094 2097 divitem
1111 2039 1221 2097 cultum
1247 2050 1277 2099 et

154 2139 317 2198 ubertatem
342 2139 446 2199 Strabo
470 2139 540 2198 item
563 2145 653 2217 atque
686 2142 778 2200 ceteri
800 2159 987 2218 summopere
1018 2140 1128 2200 laudat.
1172 2142 1204 2200 In
1229 2160 1274 2200 se-

153 2246 264 2317 quente
293 2246 378 2319 parte
402 2261 520 2319 paragr.
549 2242 576 2301 b.
599 2243 789 2303 Artemidoro
818 2247 847 2301 et
869 2243 995 2319 Polybio
1028 2261 1099 2302 ustas
1130 2248 1182 2303 est.
1230 2246 1276 2303 Ac

152 2343 277 2420 primum
307 2344 426 2420 quidem
450 2363 497 2415 ea,
528 2364 606 2420 qrrac
630 2345 668 2404 de
698 2346 796 2404 fluviis
822 2347 904 2405 Baeti
930 2347 996 2404 Ana
1017 2347 1102 2422 Tago
1127 2347 1276 2422 dicuntur,

152 2445 339 2506 Artemidoro
363 2445 462 2507 deberi
487 2448 645 2522 apparebit
667 2467 683 2508 e
707 2468 730 2507 c.
747 2452 804 2520 3‚1
831 2448 938 2509 &152
967 2439 1032 2526 (ῥεῖ
1057 2433 1086 2507 d’
1108 2438 1193 2524 ἔχων
1216 2438 1299 2518 τὰς’

152 2533 283 2625 ἀρχὰς.
310 2546 342 2620 .),
370 2549 419 2608 ubi
448 2549 485 2608 de
508 2550 606 2609 fluviis
629 2549 732 2610 eadem
755 2549 820 2610 fere
843 2555 960 2610 exstare
983 2551 1041 2609 iam
1065 2569 1274 2610 commemora·

86 2687 88 2691 <
152 2652 261 2709 vimus:
284 2651 344 2710 iilic
367 2653 444 2710 enim
461 2653 628 2728 explicatur
651 2671 722 2712 orae
745 2654 908 2712 maritimae
931 2653 1100 2729 descriptio,
1124 2671 1211 2730 quam
1237 2672 1274 2712 ox

151 2752 331 2812 Artemidori
366 2753 483 2830 peripio
520 2755 653 2813 haustam
693 2773 738 2814 mc
772 2755 1044 2815 demonstraturum
1082 2773 1145 2814 esse
1177 2774 1274 2831 spero.

152 2855 267 2914 Deinde
300 2855 337 2914 de
367 2856 486 2915 nomine
519 2856 733 2916 huius'terrae
764 2856 847 2916 dicit:
883 2854 1025 2915 καλοῦσι
1055 2845 1084 2915 d
1113 2842 1182 2916 ἀπὸ
1212 2852 1273 2945 μὲν

151 2953 213 3016 τοῦ
237 2955 393 3036 ποταμοῦ
415 2949 589 3037 Βαιτικὴν,
620 2943 688 3018 ἀπὸ
711 2953 747 3018 δὲ
777 2955 849 3018 τῶν
878 2949 1106 3019 ἐνοικούντων)
1132 2955 1273 3041 Τονρὸρ-

150 3054 276 3121 τανιάν.
320 3061 465 3137 Polybius
488 3061 607 3138 quidem
632 3062 711 3138 quod
744 3053 871 3122 sciamus
902 3083 962 3122 non
991 3081 1064 3122 usus
1088 3067 1133 3124 est
1156 3065 1273 3122 nomine

149 3164 297 3224 Baeticae.
342 3164 428 3237 Quod
459 3183 529 3224 vero
551 3163 632 3241 apud
664 3165 884 3224 Artemidorum
914 3166 971 3225 boc
1000 3185 1106 3226 nomen
1136 3185 1194 3225 non
1225 3185 1272 3226 oc·

149 3267 254 3342 currit,
277 3266 347 3325 inde
370 3285 442 3326 sane
466 3285 525 3326 non
547 3267 692 3344 sequitur,
713 3286 820 3328 revera
843 3269 922 3345 apud
946 3287 1011 3328 eum
1036 3268 1066 3327 id
1089 3287 1147 3328 non
1171 3268 1273 3340 fuisse,

149 3387 214 3429 cum
238 3387 389 3446 perpauca
417 3369 480 3429 eius
504 3369 670 3446 fragmenta
695 3375 815 3430 servata
834 3371 900 3430 sint.
946 3370 1003 3432 Sed
1027 3373 1168 3448 quoniam
1191 3371 1272 3448 apud

149 3471 333 3549 Stephanum
358 3489 380 3530 s.
396 3490 423 3529 v.
474 3465 704 3552 Τουρδρτανία
719 3474 845 3550 primum
868 3478 1007 3533 accurate
1030 3473 1168 3551 refertur,
1194 3493 1273 3550 quae

144 3574 270 3647 ¹nomina
304 3573 411 3633 Strabo
447 3575 516 3633 huic
549 3577 648 3634 terrae
684 3575 812 3651 dederit,
849 3581 880 3635 et
916 3575 1141 3652 subsequuntur
1168 3577 1273 3636 verba:

148 3660 385 3755 Ἀρτεμίδωρος
414 3670 449 3734 δὲ
487 3671 737 3755 Τουρτυτανίαν
764 3661 872 3754 αὐτὴν
901 3675 996 3736 καλεῖ
1023 3672 1079 3736 καὶ
1105 3668 1273 3756 Τούρτους

148 3765 229 3849 τούς
251 3767 430 3856 οἰκήτορας
452 3774 508 3836 καὶ
533 3769 800 3856 Τοορτονανούς,
822 3780 960 3856 equidem
984 3798 1042 3839 non
1067 3780 1272 3854 dubitaverim,

149 3882 219 3957 quin
252 3882 366 3940 nullum
398 3881 479 3941 aliud
512 3899 617 3940 nomen
650 3882 857 3941 Artemidorus
885 3881 1064 3943 adhibuerit.
1111 3886 1272 3944 Praeterea

149 3985 235 4042 etiam
264 3964 336 4043 Cato
360 4002 407 4060 ap.
431 3982 594 4043 Charisii
623 4002 651 4060 p.
678 3986 737 4044 190
771 3984 848 4043 banc
882 3988 992 4045 terram
1021 3986 1146 4046 Turtam
1176 3990 1272 4046 vocat.

151 4085 266 4158 Quibus
296 4086 386 4145 rebus
413 4086 574 4146 verisimile
597 4085 643 4156 fit,
673 4086 824 4146 Baeticam
852 4104 918 4146 esse
947 4088 1145 4149 recentiorem
1172 4088 1270 4165 appel·

150 4187 303 4266 lationem,
338 4189 424 4250 cuius
455 4189 588 4249 notitiam
612 4188 788 4251 Strabonem
812 4194 896 4251 certo
919 4189 1035 4251 cuidam
1065 4192 1180 4251 auctori
1211 4209 1270 4252 non
