2858 4732
1168 234 1202 294 19

79 403 175 479 hujus*
193 422 258 480 par.
281 405 387 462 iterum
418 404 559 461 nonnulla
583 423 599 460 e
623 405 776 462 Posidonii
799 407 872 464 libro
897 406 933 464 de
956 425 1069 466 oceano
1094 409 1205 482 scripto

79 505 285 582 preferuntur.
328 504 444 564 Deinde
467 507 497 563 iu

607 627 676 693 §A

79 726 229 802 periplnm
253 728 304 802 qui
334 727 432 784 adlruc
462 728 491 785 in
515 728 591 802 Tagi
616 728 691 786 estio
721 728 853 786 substitit
881 730 1048 788 continuari
1075 730 1205 788 animad-

78 831 222 888 vertimus
245 829 313 887 inde
337 848 354 886 a
377 829 475 888 verbis
490 818 743 905 γνωριμώτατοι
764 823 799 886 δὲ
815 827 886 887 τῶν
899 828 1064 906 ποταμῶν
1088 823 1206 912 ἐφεξῆς

78 927 128 1008 τῷ
155 919 250 1010 Τοίγφ
266 974 296 986 ..
343 932 410 989 Duo
436 933 552 990 nemina
576 917 617 989 ὅν
637 948 726 1001 τινες
747 926 891 1008 Aipolioi
915 925 998 992 etei
1021 927 1056 991 δὲ
1081 922 1206 992 Μίνιον

79 1045 183 1107 (μασιν
217 1032 254 1091 ad
279 1035 498 1110 appellationes
529 1052 546 1091 a
576 1035 682 1112 peripli
706 1041 829 1093 auctore
859 1035 985 1095 traditas
1008 1037 1131 1096 aliunde
1155 1037 1205 1095 ad·

79 1137 224 1196 iciuntur:
256 1135 292 1193 dc
316 1136 425 1212 quibus
453 1141 560 1211 postea
588 1137 764 1196 videbimus.
816 1138 932 1196 Deinde
960 1139 1112 1197 Posidonii
1140 1157 1205 1198 sen·

79 1238 174 1298 tentia
204 1238 241 1296 de
264 1239 374 1297 Baenis
405 1238 487 1297 fonte
518 1238 656 1297 refertur.
711 1240 818 1314 Neque
849 1239 953 1298 dubito
964 1238 985 1311 ¹)
1016 1242 1086 1316 quin
1117 1243 1205 1300 etiam

79 1341 235 1417 sequentia
251 1358 347 1416 usque
362 1340 400 1398 ad
413 1330 626 1416 ἐπιπολάζειν
642 1333 678 1398 έν
689 1347 761 1409 τοϊς
777 1335 905 1410 πειίίσις
920 1340 1017 1400 eidem
1032 1342 1206 1419 debeantur,

83 1443 222 1519 queniam
246 1443 276 1501 in
300 1443 375 1501 libro
400 1443 437 1500 de
461 1461 574 1501 oceane
598 1444 709 1518 scripto
733 1444 885 1519 aptissime
909 1444 982 1502 haec
1005 1448 1205 1520 exponuntur.

80 1547 158 1605 Tum
183 1544 291 1604 Strabo
314 1552 473 1620 postquam
498 1545 534 1605 de
550 1547 634 1603 Bruti
658 1546 847 1621 expeditione
871 1565 966 1622 usque
989 1565 1024 1605 eo
1047 1565 1207 1622 progressa

79 1648 211 1707 breviter
233 1646 316 1717 dixit,
339 1650 449 1723 pergit:
478 1641 666 1725 neptitatem
690 1635 718 1704 δ’
742 1640 826 1705 εἰσὶν
850 1636 948 1705 ἄλλοι
971 1644 1118 1726 ποταμοὶ
1141 1666 1203 1707 πα-

78 1734 240 1828 ράλληλοι
263 1756 333 1818 τοῖς
357 1746 532 1826 λεχθεῖσιν.
579 1750 748 1808 Verisimile
765 1755 816 1820 est,
841 1753 870 1808 in
893 1752 1011 1827 periplo
1036 1752 1092 1810 lmc
1114 1754 1205 1827 paulo

78 1854 251 1911 accurat-ius
285 1855 452 1928 expositum
493 1871 565 1910 esse.
625 1853 763 1912 Concedo
799 1855 828 1910 in
863 1855 919 1911 lrac
953 1859 1039 1928 parte
1073 1873 1131 1913 non
1165 1855 1207 1913 ita

78 1955 164 2014 firma
187 1973 252 2013 esse
277 1956 384 2030 peripli
408 1954 533 2030 vestigia
561 1963 651 2030 atquc
680 1955 880 2014 al'osidouio
911 1975 1020 2030 magna
1050 1974 1086 2014 ex
1118 1962 1205 2032 parte

80 2057 311 2132 descriptionem
345 2058 467 2132 petitam
491 2075 563 2116 esse.
619 2058 758 2116 Attamen
782 2058 805 2116 si
839 2058 1062 2117 consideramus
1097 2059 1206 2136 ubique

78 2161 205 2236 anaplos
221 2159 455 2218 commemorari:
479 2149 589 2235 έχουσι
613 2153 648 2216 δὲ
672 2153 728 2216 καὶ
746 2144 918 2228 ἀνάπλους
934 2151 972 2233 [ci
994 2155 1132 2230 πλείους
1149 2207 1155 2219 .
1174 2206 1203 2218 ..

78 2248 240 2330 Μούνδας
262 2245 434 2331 ἀνάπλους
457 2252 542 2337 έχων
557 2250 699 2338 μικρούς
715 2307 720 2317 .
739 2307 769 2317 ..
805 2246 961 2319 Οόάκουα
977 2251 1156 2332 ιὸσαύτως.

77 2353 219 2441 Δούριος
248 2353 403 2441 μεγάλοις
431 2348 681 2440 ἀναπλεόμενος
713 2348 874 2438 σκάφεσιν
904 2407 972 2422 ...
1005 2363 1122 2435 Βαῑνις
1152 2349 1203 2423 ἐπ’

78 2450 300 2534 ὀκτακοσίους
332 2449 581 2543 ἀναπλεόμενος
605 2459 761 2533 σταδίους
784 2469 886 2541 negari
910 2486 969 2525 nen
992 2474 1098 2544 potest,
1122 2486 1204 2526 oram

79 2570 254 2629 maritimam
277 2568 418 2644 primario
442 2569 507 2627 loce
532 2568 683 2644 depingi.
728 2571 761 2626 A.
785 2569 944 2629 Posidonio
970 2588 1041 2629 vero
1064 2571 1205 2647 imprimis

80 2671 309 2748 descriptionem
334 2690 394 2730 nen
418 2673 539 2746 petitam
556 2690 629 2742 esse,
653 2678 779 2747 apparet
802 2690 839 2728 ex
862 2690 896 2730 ee
920 2673 1001 2747 qued
1025 2673 1114 2748 hujus
1137 2692 1205 2732 sen·

79 2775 174 2832 tentia
204 2773 241 2833 de
264 2775 373 2832 Baenis
397 2776 471 2832 ostio
502 2775 612 2832 diserte
642 2776 805 2850 opponitur
827 2774 1073 2834 antecedentibus
1096 2776 1206 2850 verbis,

79 2893 157 2952 quae
181 2880 245 2933 arte
266 2876 342 2933 inter
365 2892 396 2933 se
419 2876 593 2935 cohaerent:
617 2862 758 2954 Δούριος
781 2865 868 2953 ῥέων
883 2865 974 2953 παρὰ
990 2867 1206 2956 Κελτιβήρων

78 2970 135 3034 καὶ
161 2960 362 3035 Οὐακκαίων
383 2972 556 3046 κατοικίας
579 3023 586 3034 .
612 3023 617 3033 .
643 3023 649 3033 .
674 2972 730 3035 καὶ
753 2959 854 3046 οὗτος
878 2961 908 3034 d'
930 2969 967 3035 ἐκ
991 2968 1206 3058 Κελτιβήρων

79 3073 135 3136 καὶ
160 3062 363 3137 Ουάκκαίων
390 3069 442 3156 ῥεῖ
468 3073 523 3137 καὶ
555 3061 574 3137 ὃ
605 3064 675 3156 μετ)
703 3064 810 3137 αὐτὸν
843 3077 969 3148 Βαῖνις.
1016 3082 1121 3158 ltaque
1153 3101 1202 3157 pe-

79 3182 148 3257 ripli
179 3183 354 3257 scriptorem
383 3183 471 3241 etiam
500 3184 548 3240 nic
578 3200 643 3241 esse
666 3182 839 3259 primarium
869 3182 1024 3243 Strabonis
1050 3190 1203 3243 auctorem

80 3302 198 3343 censeo.
242 3286 302 3343 Iam
326 3288 423 3343 statim
448 3286 616 3361 insequitur
638 3286 668 3342 in
692 3285 753 3355 §b
777 3286 887 3360 peripli
910 3285 992 3344 finis:
1013 3270 1153 3344 ’ὕστατοι
1177 3273 1205 3343 δ’

79 3379 235 3445 οἰκοῦσιν
252 3372 422 3464 Ϊιίρταβροι
450 3381 528 3466 περὶ
555 3377 619 3463 τήν
647 3373 755 3465 ἄκραν
784 3371 804 3465 ἣ
833 3385 983 3445 καλεῖται
1013 3382 1154 3467 Νέρων,
1185 3372 1205 3468 ἢ

79 3483 136 3546 καὶ
158 3486 216 3568 τῆς
239 3478 395 3566 ἑσπερίου
417 3485 565 3567 πλευρᾶς
587 3484 643 3546 καὶ
666 3486 724 3568 τῆς
746 3485 882 3567 βορείου
904 3483 1009 3567 πέρας
1031 3482 1109 3548 ἐστί.

166 3592 294 3652 Accedit
315 3611 387 3651 vero
409 3593 467 3650 alia
488 3610 546 3669 res,
570 3611 659 3667 qrram
684 3593 803 3650 maximi
827 3594 966 3651 momenti
982 3610 1047 3652 esse
1063 3593 1205 3652 existimo.

82 3694 336 3754 Perlustravimus
360 3695 439 3752 enim
462 3695 610 3771 periplum
634 3695 685 3771 qui
718 3713 735 3751 a
758 3694 850 3769 Calpe
872 3693 1018 3768 incipiens
1048 3713 1143 3770 usque
1167 3696 1204 3753 ad

82 3796 241 3855 Artabrum
265 3797 505 3873 promunturium
536 3802 699 3872 provectus
722 3801 780 3854 est:
816 3814 878 3870 qua
907 3813 974 3852 cum
1004 3795 1205 3871 descriptione

81 3897 169 3956 etiam
193 3898 488 3958 naediterraneorum
511 3899 701 3974 populorum,
724 3899 774 3973 qui
798 3902 865 3974 post
887 3903 993 3970 gentes
1009 3917 1080 3956 orae
1097 3899 1205 3957 mariti-

83 4020 148 4060 mae
171 4000 345 4077 adjacentes
370 4001 512 4076 habitant,
535 4018 641 4075 pressa
663 4001 847 4059 enumeratio
871 3999 1031 4076 conjuncta
1046 4018 1112 4058 esse
1136 4001 1204 4058 niilri

169 4202 189 4261 ¹)
208 4197 370 4250 Muellerum
389 4212 491 4264 aequor
508 4195 572 4262 (flli-
592 4196 617 4248 h.
636 4213 676 4261 gr.
696 4195 745 4248 Ill.
768 4213 793 4262 p.
808 4200 865 4250 um.
884 4193 936 4260 lgr.
956 4199 1009 4261 us).

967 4300 1000 4349 2*
