2858 4732
187 209 225 266 lt

185 381 371 438 occasionem
393 379 494 455 oppidi
517 381 596 438 Zelis
618 380 655 438 de
679 381 789 439 haere
821 382 964 441 nonnulla
987 381 1145 457 proterret.
1189 382 1307 442 Deinde

184 482 222 540 ad
245 481 371 540 insulam
401 480 501 541 Gades
529 483 729 556 pervenimus.
773 483 805 540 ln
829 484 944 559 periplo
968 483 1005 541 de
1028 484 1084 542 hac
1107 484 1204 543 insula
1234 485 1308 541 nihil

185 585 295 643 dictum
318 601 384 642 esse
401 584 457 641 nisi
473 584 544 641 hoc:
568 576 721 659 διέχουσα
743 581 802 660 τῆς
825 573 965 662 Κάλπης
987 579 1063 661 περὶ
1087 574 1308 654 ἑπτακοσίους

184 679 241 743 καὶ
259 674 471 763 πεντήκοντα
487 678 644 754 σταόίὀυς
667 705 683 744 e
707 687 807 745 verbis
822 687 1016 762 sequentibus
1032 687 1172 746 concludi
1195 692 1308 763 potest:

185 777 252 846 dest
269 771 297 844 ὁ)
313 773 399 864 αὕτη
414 773 434 864 ἡ
449 781 551 864 νῆσος
566 765 673 844 τᾶλλα
688 781 750 863 μὲν
765 771 865 845 οὐδὲν
886 781 1090 864 διαφέρουσα
1105 785 1177 846 τῶν
1192 776 1308 846 ἄλλων

185 888 255 946 κτλ.
301 891 418 948 Revera
445 891 523 948 enim
554 890 703 965 permulta
725 894 806 959 sunt,
839 908 916 965 quae
947 891 1026 948 iufra
1055 890 1092 949 de
1124 891 1180 949 hac
1211 890 1308 949 insula

185 993 464 1052 commemoratione
488 990 580 1066 digua
596 992 686 1050 habet
705 998 797 1069 atque
819 994 941 1068 copiose
957 994 1090 1070 explicat
1105 993 1309 1068 compluribus

185 1094 356 1154 auctoribus
379 1113 459 1153 usus
503 1094 602 1152 Verba
624 1101 736 1153 autem:
759 1086 792 1151 oi
815 1087 850 1151 δὲ
873 1078 1095 1164 ὀκτακοσίους
1117 1090 1221 1168 paolo
1251 1097 1307 1154 ori-

184 1199 282 1273 ginem
306 1196 426 1256 aliunde
450 1200 576 1255 tractam
598 1200 701 1271 aperte
725 1196 901 1271 ostendunt,
931 1197 967 1256 de
991 1216 1050 1272 qua
1077 1197 1241 1256 secundum
1264 1199 1308 1256 in-

184 1299 367 1359 stitutionem
398 1299 486 1357 huius
517 1300 702 1374 quaestionis
732 1316 812 1357 nuno
842 1317 901 1357 non
932 1298 1138 1359 disserendum
1161 1305 1214 1359 est.
1258 1300 1307 1360 Se-

184 1407 317 1478 quuntur
339 1400 447 1461 deinde
470 1400 499 1459 in

177 1482 183 1498 '
712 1500 781 1577 §a

270 1607 434 1665 Menesthei
466 1611 570 1680 portus
608 1610 638 1664 et
669 1594 818 1665 aestuaria
851 1605 888 1664 ad
923 1606 1026 1664 Aetam
1061 1613 1091 1664 et
1124 1606 1308 1666 Nabrissam.

186 1710 293 1770 Utrum
317 1710 404 1768 etiam
428 1727 464 1767 ea
479 1708 577 1779 verba,
600 1708 707 1784 quibus
730 1727 789 1767 vox
810 1691 967 1784 ἅναχυσις
990 1708 1169 1786 explicatur,
1191 1709 1307 1786 periplo

184 1811 343 1871 tribuenda
365 1811 424 1869 sint
447 1827 550 1885 necne,
581 1810 710 1869 dubitari
734 1815 841 1885 potest.
885 1811 1022 1869 Brevitas
1051 1810 1170 1886 quidem
1202 1811 1307 1870 horum

184 1915 344 1973 vorborum
360 1913 448 1972 valde
464 1913 494 1971 in
509 1913 655 1972 rationem
666 1913 774 1990 peripli
790 1912 928 1989 quadrat.
958 1911 1016 1972 Sed
1030 1931 1053 1972 c.
1069 1917 1127 1984 2,4
1144 1913 1174 1973 C.
1189 1910 1306 1987 142s43

184 2017 291 2076 Strabo
314 2017 421 2075 iterum
445 2022 474 2075 et
498 2017 591 2076 multo
619 2016 769 2092 copiosius
797 2014 834 2074 de
865 2021 974 2075 natura
1009 2016 1228 2075 aestuariorum
1258 2035 1307 2074 ex-

184 2118 376 2203 plicationem
399 2123 503 2194 aperte
526 2117 710 2177 ePosidouii
733 2118 816 2189 libro,
841 2119 891 2194 qui
913 2112 989 2196 περὶ
1004 2103 1162 2176 Ὠκεανοῦ
1178 2119 1308 2194 scriptus

186 2225 259 2298 erat,
281 2222 402 2298 petitam
426 2220 542 2298 profert
564 2239 661 2296 neque
692 2223 795 2297 negari
825 2226 936 2298 potest,
966 2222 1041 2280 haec
1062 2221 1155 2281 verba
1178 2222 1308 2299 explica·

185 2324 274 2384 tionis
298 2342 390 2383 causa
412 2323 448 2383 ab
471 2324 536 2400 ipso
559 2322 662 2383 addita
685 2340 759 2383 esse.
803 2323 944 2400 Sequitur
974 2324 1073 2383 insula
1093 2324 1195 2384 Baetis
1225 2324 1309 2384 ostiis

185 2428 358 2503 intercepta,
381 2426 419 2486 de
443 2427 529 2486 cuius
553 2426 740 2503 longitudine
755 2427 860 2487 iterum
884 2427 974 2486 alium
990 2426 1140 2502 quendam
1156 2432 1307 2487 auctorem

184 2529 330 2589 adhibuit:
363 2517 409 2599 ὡς
440 2512 470 2586 d'
493 2518 654 2587 dccccxci
680 2517 852 2588 πλειόνων
881 2523 1039 2588 σταδίαν.
1083 2532 1159 2590 Tum
1191 2531 1260 2590 indo
1291 2551 1309 2590 a

184 2633 284 2691 verbis
307 2624 458 2690 ἐνταῦθα
487 2624 524 2689 δέ
544 2648 614 2690 που
636 2626 692 2690 καὶ
719 2619 759 2690 τὸ
781 2638 943 2709 μαντεῖον
971 2631 1041 2691 κτλ.
1073 2632 1110 2692 de
1141 2634 1307 2693 Menesthei

185 2735 308 2793 oraculo
331 2739 361 2793 et
384 2734 542 2811 Caepionis
564 2735 640 2794 turri
663 2735 781 2794 dicitur.
825 2736 908 2794 Haec
931 2753 946 2794 c
969 2736 1087 2812 periplo
1110 2735 1308 2817 illoufluxisse

189 2854 277 2912 nego.
322 2837 408 2895 Ratio
421 2837 498 2896 enim
522 2836 680 2896 verborum
697 2828 844 2895 ἐνταῦθα
861 2831 898 2896 δέ
918 2854 987 2895 που
1009 2830 1080 2908 καὶ,
1104 2837 1213 2913 quibus
1235 2837 1309 2896 haec

185 2939 317 2999 narratio
347 2939 529 3010 annectitur,
565 2939 723 2999 ostendere
751 2940 820 2999 milri
850 2940 984 3016 videtur,
1021 2941 1050 2998 in
1081 2941 1188 3015 peripli
1217 2959 1307 3000 cursu

187 3042 259 3100 nihil
285 3042 322 3101 de
354 3042 400 3101 his
430 3042 520 3101 rebus
551 3042 662 3103 dictum
686 3060 760 3113 esse,
783 3042 836 3103 sed
859 3041 980 3103 aliunde
1010 3043 1085 3102 haec
1114 3043 1218 3119 petita:
1247 3062 1309 3118 qua

184 3146 333 3205 sententia
355 3145 531 3221 explicatur,
563 3163 617 3205 cur
645 3145 840 3222 geographus
863 3151 967 3205 nostor
993 3164 1048 3222 pro
1072 3151 1154 3204 certa
1177 3145 1234 3205 loci
1257 3144 1307 3204 dc-

185 3246 318 3307 finitione
353 3247 500 3323 ambiguis
531 3248 629 3307 verbis
663 3239 815 3305 ἐνταῦθα
847 3241 884 3306 δέ
911 3265 980 3306 που
1010 3241 1066 3305 καὶ.
1097 3292 1103 3304 .
1129 3293 1136 3306 .
1161 3292 1168 3305 .
1196 3253 1307 3307 utatur.

184 3349 232 3408 Ad
256 3368 344 3426 quem
367 3368 441 3410 vero
471 3351 647 3425 scriptorem
671 3351 746 3427 haec
769 3351 861 3410 verba
883 3350 1052 3410 revocanda
1075 3351 1144 3427 sint,
1166 3349 1306 3427 equidem

185 3471 240 3528 pro
265 3456 346 3512 certo
370 3452 469 3511 dicere
493 3471 620 3529 nequeo.
664 3453 729 3512 Hoc
758 3457 839 3512 certe
865 3453 950 3513 firmo
977 3459 1154 3528 argumento
1183 3471 1307 3530 prorsus

185 3560 274 3625 caret,
297 3555 378 3631 quod
401 3555 597 3615 Schwederus
628 3553 779 3631 (Beitriige
801 3574 855 3615 zur
878 3555 979 3615 Kritik
1011 3557 1064 3616 der
1088 3556 1231 3631 Chorogr.
1253 3556 1307 3614 dos

185 3657 267 3716 Kais.
288 3658 365 3733 Aug.
385 3676 413 3732 p.
428 3655 480 3728 72)
502 3663 671 3734 asseverat,
701 3657 792 3718 verba
820 3658 870 3717 illa
898 3664 1001 3736 aperte
1028 3659 1161 3718 Romano
1193 3661 1305 3717 auctori

186 3763 310 3836 accepta
331 3760 447 3819 referri.
492 3761 567 3819 Nam
598 3778 653 3837 per
676 3777 708 3819 se
730 3761 818 3818 etiam
842 3780 860 3819 a
882 3761 1007 3836 Polybio
1038 3760 1087 3820 vel
1117 3760 1306 3821 Artemidoro

185 3862 235 3919 vel
259 3861 417 3922 Posidonio
449 3861 579 3921 traditae
608 3880 673 3922 esso
699 3868 827 3939 possunt
852 3862 922 3922 illac
950 3881 1008 3922 res.
1058 3864 1202 3940 Equidem
1233 3863 1307 3921 hacc

184 3963 345 4023 Posidonio
368 3965 552 4040 potissimum
576 3965 703 4024 tribuam
720 3984 820 4040 quem
848 3967 877 4024 in
902 3966 976 4024 libro
999 3965 1036 4024 dc
1059 3984 1170 4026 oceano
1194 3965 1306 4041 scripto

186 4067 339 4141 complura
369 4065 407 4124 de
430 4067 592 4140 Hispaniae
620 4086 673 4125 ora
701 4068 811 4125 dixisse
839 4068 974 4127 videmus
1004 4089 1020 4126 c
1043 4087 1068 4127 o.
1084 4074 1112 4143 3,
1125 4073 1153 4141 3,
1175 4068 1206 4127 si.
1225 4073 1305 4126 lea:

186 4170 275 4244 quod,
306 4170 361 4227 nisi
387 4170 433 4226 cui
457 4169 513 4226 hoc
537 4169 623 4226 nimis
647 4171 840 4228 artificiosum
874 4171 999 4238 videtur,
1030 4172 1116 4228 etism
1142 4171 1210 4228 inde
1233 4190 1305 4245 quo-
