2858 4732
153 227 172 287 6

151 406 259 477 quarte
289 401 358 460 inde
390 421 407 459 a
438 402 536 461 verbis
566 387 648 460 αδτό
679 395 714 460 δὲ
745 392 785 458 td
816 387 923 479 ἄκρον
958 421 1040 480 seqq.
1093 404 1277 463 Artemidori

152 503 284 562 narratio
308 503 437 563 refertur
459 504 591 574 (sirenue,
614 503 720 563 ΡΙιίΙοΙ.
739 508 775 563 11
800 523 827 580 p.
844 509 903 565 201
928 503 984 580 sgr.
1002 503 1061 577 13).
1105 505 1222 565 Deinde
1245 506 1275 565 in

151 625 213 683 par.
236 607 340 682 quinte
363 605 542 665 Posidonius
564 605 717 682 laedatur,
748 605 800 682 qui
824 607 905 683 vulgi
936 606 1081 682 quasdam
1113 609 1277 668 sententias

150 707 272 778 refellit3
296 725 374 784 quae
397 707 549 784 pertinent
565 725 661 784 usqne
676 707 714 768 ad
732 708 823 767 verba
842 702 899 766 καὶ
921 697 1064 788 τηρήσας
1086 698 1146 779 τδις
1169 699 1278 781 δι’·σεις

151 807 292 884 (Mueller
316 810 371 887 sgr.
388 809 416 871 h.
432 811 484 870 lli.
507 830 535 888 p.
552 815 611 872 291
636 809 691 886 sgr.
708 808 769 882 97).
814 811 1035 871 Artemidorum
1058 811 1175 889 quidem
1199 812 1275 872 simi-

151 911 190 972 tia
214 919 305 989 utque
333 932 384 972 eos
415 914 466 990 qui
497 905 529 970 οἱ
550 907 676 971 πολλοὶ
705 906 762 970 καὶ
781 907 915 990 χοδαῑοι
945 913 1087 974 dicuntur
1117 915 1277 991 protulisse

152 1015 319 1092 explicatur·
342 1015 413 1074 inde
428 1034 446 1074 a
462 1015 561 1076 verbis
584 1003 602 1074 ὁ
627 1009 664 1073 δέ
685 1033 719 1093 γε
743 999 979 1095 Ἀρτεμίδωρος
1002 1035 1085 1094 seqq.
1109 1016 1146 1077 dc
1170 1017 1277 1095 quibus

150 1115 257 1176 Strabo
289 1136 355 1176 cum
378 1116 515 1177 irrisione
538 1117 667 1178 iudicat:
697 1100 743 1188 δις
775 1110 836 1196 μὲν
868 1105 930 1177 οὖν
960 1103 1061 1188 αὐτὸς
1092 1107 1180 1178 εἶδεν
1210 1138 1277 1196 sqq.

149 1221 255 1295 ltaque
278 1218 315 1277 de
338 1218 422 1278 initio
445 1223 560 1278 tantum
584 1238 646 1297 par.
663 1224 787 1297 quartae
810 1220 893 1280 nobis
915 1219 1125 1298 inquirendum
1151 1224 1205 1298 cst,
1227 1221 1277 1280 nbi

151 1321 187 1395 de
211 1321 324 1397 Libyae
340 1327 370 1381 et
384 1323 526 1398 Europae
548 1321 696 1383 adversus
718 1340 856 1383 occasum
880 1324 1020 1384 extremis
1042 1324 1179 1400 partibus
1202 1323 1278 1384 lraee

150 1430 285 1484 exstant:
317 1421 524 1503 περατοῦται
552 1419 614 1502 μὲν
644 1411 706 1503 γὰρ
729 1470 735 1483 .
761 1471 767 1482 .
792 1470 799 1486 .
823 1471 829 1484 .
852 1412 992 1504 προδχει
1015 1420 1050 1485 δὲ
1072 1416 1114 1484 τὰ
1136 1411 1278 1504 Ἰβηρικὰ

56 1574 58 1580 .
153 1515 238 1585 ὅσον
251 1521 369 1603 χιλίοις
383 1520 440 1584 καὶ
454 1521 688 1598 πεντακοσίοις
708 1522 854 1598 σταδίοις
869 1514 956 1587 κατὰ
968 1513 1009 1586 τδ
1025 1522 1146 1606 λεχθὲν
1170 1513 1276 1606 ἀκρω-

149 1618 276 1707 τήριον,
323 1612 497 1706 Hispaniam
522 1629 599 1688 mille
630 1631 803 1706 quingentis
832 1630 934 1690 stadiis
965 1635 1047 1689 trans
1070 1630 1195 1706 Libyam
1225 1630 1275 1689 :rd-

148 1751 254 1792 versus
284 1714 470 1792 occidentem
502 1721 648 1792 excedere
662 1729 699 1809 ¹),
733 1731 940 1792 Artemidorus
970 1735 1077 1791 auctor
1108 1737 1164 1792 est:
1195 1733 1276 1810 quod

148 1833 218 1894 inde
241 1823 340 1910 colligi
372 1839 485 1910 potest,
515 1834 594 1910 quod
619 1834 649 1892 in
680 1833 747 1894 libri
771 1835 863 1894 xvu.
887 1837 986 1906 c.3,‘2
1010 1835 1119 1895 (1825
1150 1833 1276 1906 (Stiehle

148 1937 206 2014 fgr.
217 1940 234 1996 7
239 1935 269 2009 6)
283 1937 357 1995 haee
368 1940 500 1996 exstant:
516 1927 677 1994 ἐντεῦθεν
691 1929 725 1994 δὲ
737 1925 893 2014 πρόποος
909 1925 1053 1994 ίκκειταί
1068 1952 1118 2006 τις
1133 1922 1278 2008 θστατος

148 2028 233 2118 πρὸς
260 2027 355 2096 δύσιν
384 2032 442 2118 τῆς
465 2032 681 2116 Μαοροοσίας
704 2030 737 2096 αἱ
760 2027 885 2108 Καίτεις
913 2027 1102 2116 λεγόμεναι,
1132 2033 1278 2118 πλησίον

151 2134 187 2199 δὲ
210 2134 267 2197 καὶ
289 2134 466 2215 πολίχνιον
491 2129 612 2218 μικρὸν
643 2127 729 2219 ὑπὲρ
752 2137 811 2220 τῆς
833 2127 1024 2219 θαλάττης,
1047 2125 1131 2219 ὅπερ
1158 2135 1278 2220 Τρίγγα

147 2239 312 2301 καλοῦσιν
338 2234 371 2300 οἱ
398 2228 576 2322 βάρβαροι,
608 2231 723 2321 Λύγγα
746 2228 776 2301 δ’
802 2231 821 2300 ὁ
844 2227 1079 2322 Ἀρτεμίδωρος
1112 2233 1276 2323 προσηγό-

148 2363 259 2424 ρευκε,
280 2329 518 2424 Ἐρατοσθένης
551 2339 586 2404 δὲ
609 2339 727 2421 Λίξον,
757 2352 863 2404 κεῖται
886 2329 916 2404 δ’
940 2329 1177 2425 ἀντίπορθμον
1206 2352 1278 2416 τοῖς

147 2441 327 2526 Γαδείροις.
366 2449 479 2507 Herum
494 2466 593 2507 rerum
610 2449 743 2508 notitiam
765 2448 818 2507 soii
834 2447 1023 2508 Artemidoro
1038 2447 1145 2508 Strabo
1161 2447 1274 2508 debere

149 2551 274 2610 videtur.
319 2551 424 2626 Neque
447 2551 523 2610 enim
548 2569 585 2610 ex
606 2568 641 2610 ea
664 2569 706 2628 rc,
729 2550 808 2628 quod
831 2550 1045 2610 Eratosthenes
1068 2569 1189 2628 quoque
1213 2550 1275 2611 lau·

44 2695 47 2699 -
149 2654 245 2730 datur,
268 2655 331 2713 cius
355 2653 558 2731 descriptione
580 2652 636 2713 hoe
658 2654 724 2714 loco
741 2652 916 2713 Strabonem
938 2672 1023 2713 usum
1043 2671 1108 2713 esse
1130 2655 1276 2731 sequitur.

150 2741 348 2817 Econtrario
373 2757 582 2816 Eratosthenis
612 2757 790 2817 sententiam
822 2757 890 2816 item
922 2774 959 2817 ex
982 2755 1164 2816 Artemidori
1199 2756 1275 2816 libro

149 2859 303 2936 cognovit:
327 2858 405 2935 quod
429 2859 520 2934 paulo
544 2858 624 2917 infra
647 2863 775 2935 apparet
798 2858 863 2934 §8‚
887 2859 918 2920 O.
935 2862 1011 2919 829:
1041 2841 1282 2936 Ἀρτεμίδωρος,

153 2955 188 3019 δὲ
206 2944 436 3038 Ἐρατοσθένει
450 2953 511 3039 μὲν
533 2945 698 3040 α’ντιλίγει
722 2947 809 3020 διότι
824 2955 928 3036 Λίξον
942 2949 1029 3034 τινά,
1051 2973 1152 3041 φησιν
1175 2950 1276 3020 πόλιν

152 3048 227 3122 rivet
250 3052 388 3142 Λυγγός.
436 3062 536 3124 Gades
558 3063 650 3139 igitur
672 3068 702 3124 ct
718 3063 825 3123 Lixum
841 3065 869 3122 in
894 3063 999 3124 eodem
1022 3062 1085 3124 fere
1110 3063 1274 3124 meridiano

148 3167 219 3226 sitas
255 3185 320 3226 csse
352 3166 559 3226 Artemidorus
594 3165 724 3225 tradidit.
776 3167 949 3244 Spectemus
980 3164 1088 3225 deinde
1118 3165 1275 3226 Strabonis

149 3269 241 3328 verba
256 3269 301 3328 111
317 3273 382 3345 cb,
396 3273 432 3328 11
459 3269 490 3328 C.
504 3271 577 3329 148:
600 3258 685 3347 πρὸς
701 3257 742 3326 δν
757 3251 1028 3346 (Ἐρατοσθένην)
1040 3252 1277 3346 Ἀρτεμίδωρος

150 3355 334 3448 ἀντιλέγων
357 3416 363 3427 .
390 3416 395 3426 .
420 3362 553 3446 ψευδῶς
576 3363 735 3446 λέγεσθαί
761 3383 863 3450 φησιν
887 3415 893 3429 .
919 3417 924 3428 .
948 3360 987 3429 τδ
1010 3355 1078 3429 dno
1102 3362 1277 3449 Γαδείρων

151 3465 206 3530 ε’πὶ
228 3462 268 3531 τὸ
297 3456 389 3551 ἱερὸν
412 3456 624 3551 ἀκρωτήριον
648 3453 807 3552 διάστημα
832 3519 838 3531 ,
863 3518 885 3546 .,
908 3456 949 3531 οὐ
971 3461 1140 3532 πλειόνων
1162 3460 1275 3532 ὄντων

149 3595 169 3657 η
191 3569 310 3654 χιλίων
331 3568 387 3633 καὶ
410 3564 624 3635 ἑπτακοσίων
646 3568 801 3634 σταδίων.
847 3576 891 3635 De
907 3577 964 3636 situ
981 3594 1052 3636 vero
1075 3575 1274 3653 promunturii

149 3677 230 3738 Sacri
255 3680 328 3738 haec
343 3678 542 3756 comperimus
559 3679 587 3738 11
603 3682 632 3756 5,
646 3683 685 3739 14
708 3678 738 3739 O.
759 3682 833 3740 119:
857 3666 1113 3757 δοσμικοίτατον
1132 3667 1275 3757 μὲνγὰρ

151 3786 287 3861 σημεῖον
298 3776 357 3860 τῆς
368 3773 566 3860 οἰκουμένης
577 3770 616 3839 τδ
627 3763 840 3861 τῶνΊθήρων
851 3765 1071 3860 ἀκρωτήριον,
1085 3767 1104 3837 ὅ
1116 3777 1276 3840 καλοῦσιν

237 3946 257 4009 ¹)
274 3943 380 4011 Berger
401 3945 466 4009 (Die
492 3945 596 4014 Gcogr.
615 3945 772 4014 Fragment.
796 3944 846 3999 des
865 3944 1042 3999 Eratosthen.
1060 3944 1087 4000 S.
1101 3948 1164 4010 365)
1181 3959 1275 3999 errore

149 4027 272 4096 quodam*
287 4027 413 4096 ducitur,
441 4045 503 4084 cum
522 4030 608 4084 dicat:
636 4030 710 4097 „Fur
736 4031 782 4084 die
800 4031 893 4097 Longe
912 4029 963 4084 des
990 4030 1114 4085 westlich
1132 4031 1202 4085 iiber
1219 4030 1275 4085 den

148 4112 282 4166 Meridies
302 4112 351 4167 der
369 4111 470 4168 Sdulen
485 4113 727 4182 hervorragenden
741 4113 834 4168 'I‘eilcs
854 4129 907 4167 von
922 4113 1043 4183 Spanicn
1056 4113 1154 4168 nimmt
1166 4113 1219 4173 Str.
1231 4114 1274 4169 111

137 4196 179 4252 ’0.
195 4202 240 4251 131
260 4197 305 4253 die
323 4196 433 4252 Summe
453 4214 506 4251 von
529 4203 592 4252 1500
610 4197 724 4254 Studien
745 4201 805 4253 an.“
