2858 4732
1238 221 1272 276 13

151 408 202 448 νει
225 385 260 449 δὲ
281 379 302 468 ἡ
324 381 416 468 χώρα
437 377 524 469 αὕτη
547 378 567 467 ἡ
591 378 687 459 ἐντὸς
710 387 772 447 τοῦ
785 377 859 448 Ἄτα
875 415 916 435 =
932 408 956 448 c.
972 396 1042 467 2,1:
1066 378 1217 468 ἀφορίζει
1241 383 1274 446 dl

151 480 260 571 αὐτὴν
282 483 368 570 πρὸς
388 487 449 569 μὲν
471 482 533 572 τὴν
562 482 707 568 ἑσπέραν
730 486 785 549 καὶ
814 479 940 568 ἄρκτον
963 479 982 549 ὁ
1005 478 1096 562 Ἄρας
1125 482 1276 568 ποταμός

152 617 177 656 c.
194 602 220 666 1,
234 602 265 656 6:
287 585 373 673 πρὸς
396 586 440 652 ίω
464 589 525 672 μὲν
546 590 639 672 μέχρι
662 592 721 672 τῆς
735 579 927 674 ’.(λρητααίας
942 620 983 639 =
1000 615 1023 652 c.
1041 599 1068 669 2,
1083 601 1113 653 1:
1135 585 1221 671 πρὸς
1241 587 1275 651 dd

150 689 214 777 τὴν
230 688 274 757 ἕω
286 695 523 778 Καρπηταναῖν
535 692 572 755 τί
582 715 669 767 τινες
686 692 742 754 καὶ
757 684 927 777 Ὠρητααοί
944 717 968 755 c.
983 703 1010 773 1,
1023 702 1053 756 6:
1069 685 1153 773 πρὸς
1174 687 1277 755 νότον

152 796 187 859 δὲ
210 796 304 878 μέχρι
324 798 384 877 τῆς
405 795 571 878 παραλίας
593 795 653 877 τῆς
674 785 742 858 ἀπὸ
758 797 829 857 τῶν
844 792 997 872 ἐκβολῶν
1012 797 1074 857 τοῦ
1088 788 1161 859 Ἄτα
1184 793 1274 877 μέχρι

151 900 287 982 στηλῶν
313 929 354 948 =
385 922 408 962 c.
425 907 452 978 ⁶2,
467 908 495 962 1:
525 893 610 979 πρὸς
641 891 745 960 νότοι·
776 896 810 960 δὲ
833 899 1062 980 Βαστητατ.·ῶν
1094 893 1125 958 oi
1154 891 1277 978 μεταξὺ

149 1001 209 1085 τῆς
231 995 370 1084 Κάλπης
392 998 543 1063 καὶτῶν
567 999 740 1083 Γαδείρων
762 995 881 1084 στενὴν
897 994 1073 1081 ταμόμενοι
1096 999 1276 1080 παραλίαν,

150 1103 208 1175 καὶ
228 1090 249 1185 ἦ
274 1097 347 1186 ἑξῆς
368 1093 525 1165 θάλαττα
552 1100 644 1183 μέχρι
669 1095 742 1165 Ἄρα
759 1153 765 1163 .
782 1101 837 1164 καὶ
869 1097 900 1162 ni
925 1099 1136 1184 Βαστηταυοὶ
1160 1099 1194 1163 δὲ
1218 1090 1277 1175 οὓς

151 1199 249 1268 εἷπον
276 1205 316 1285 τῇ
348 1203 575 1289 Ίρυρδητανίᾳ
604 1198 819 1285 πρόσκεινται
846 1253 851 1264 .
877 1253 883 1265 .
929 1208 1152 1281 Quaerentibus
1182 1208 1278 1285 nobis,

151 1331 300 1389 quaenam
325 1313 364 1371 sit
385 1330 477 1371 cansa
505 1313 594 1371 buius
626 1313 835 1388 neglegentiae
858 1319 888 1371 ot
910 1330 999 1387 qnam
1023 1313 1060 1371 ob
1083 1330 1145 1371 rem
1167 1311 1276 1376 Strabo

150 1416 196 1476 bis
218 1413 422 1475 Turdetaniae
438 1414 703 1492 descriptionema
724 1413 826 1473 finium
843 1414 1050 1491 designatione
1079 1413 1216 1490 incipiat,
1246 1413 1276 1472 id

151 1516 369 1594 respiciendum
401 1523 459 1591 est,
488 1516 569 1592 quod
599 1517 657 1576 iam
688 1534 743 1593 per
771 1520 864 1576 totam
895 1516 923 1576 b.
953 1535 1016 1592 par.
1044 1516 1277 1576 observavimus.

108 1665 112 1679 ,
150 1620 327 1680 Strabonem
351 1620 428 1679 enim
452 1619 580 1678 vidimus
602 1619 632 1678 in
656 1619 712 1678 hac
731 1639 759 1695 p.
775 1638 833 1679 non
852 1638 941 1678 unum
958 1619 1101 1695 imprimis
1123 1625 1275 1679 auctorem

151 1722 250 1799 sequi,
279 1721 332 1781 sed
356 1720 394 1781 ad
426 1721 635 1798 descriptionis
668 1722 882 1782 institutionem
906 1740 924 1778 a
946 1739 978 1780 sc
1000 1722 1065 1796 ipso
1088 1721 1196 1780 factam
1219 1722 1277 1780 alia

151 1825 270 1885 aliunde
292 1828 403 1901 petere.
447 1823 539 1883 Simul
562 1831 661 1884 autem
687 1825 835 1901 apparuit,
857 1843 945 1899 quam
970 1842 1030 1883 nnn
1046 1824 1154 1883 Strabo
1174 1825 1204 1883 in
1220 1825 1277 1884 bac

150 1926 271 2005 quidem
294 1933 379 2003 parte
402 1926 566 1986 studuisset
596 1928 645 1985 vel
677 1927 837 2003 potuisset,
867 1945 953 1985 snum
983 1944 1082 1986 rerum
1114 1925 1275 2004 depingen-

151 2029 254 2089 darum
278 2029 412 2090 ordinem
437 2037 540 2088 tenere
564 2037 594 2088 et
616 2047 694 2105 quae
726 2029 806 2106 apud
838 2030 911 2088 alios
943 2033 1081 2088 auctores
1111 2029 1177 2088 aliis
1205 2030 1277 2088 locis

150 2132 323 2209 invenisset,
346 2151 383 2191 ex
406 2150 460 2191 sno
484 2132 607 2191 consilio
632 2131 800 2208 disponere.
844 2131 892 2190 Sic
915 2132 1040 2208 primum
1064 2131 1183 2207 quidem
1203 2133 1231 2191 in
1248 2132 1276 2191 lr.

149 2255 177 2312 p.
210 2235 304 2294 libere
343 2253 378 2294 ae
411 2253 465 2294 suo
498 2233 608 2293 iudicio
643 2235 817 2294 testimoniis
853 2234 1030 2310 scriptorum
1066 2234 1108 2293 uti
1143 2241 1276 2295 conatur.

150 2338 267 2398 Deinde
289 2356 362 2398 vero
385 2337 533 2414 gradatim
562 2341 700 2398 auctores
730 2343 851 2396 secutus
881 2337 998 2413 eadem,
1029 2355 1107 2412 quae
1138 2339 1196 2396 iam
1227 2357 1276 2397 cx-

151 2448 254 2518 cerpta
276 2441 411 2518 protulit,
435 2441 541 2498 iterum
565 2441 660 2515 magis
676 2440 713 2497 ad
730 2440 853 2498 verbum
871 2439 979 2498 reddit.
1023 2440 1087 2499 Jam
1104 2442 1133 2499 in
1150 2421 1276 2518 sequen-

150 2544 230 2603 tibus
252 2543 449 2621 paragraphis
466 2561 537 2602 orae
561 2544 723 2601 maritimae
747 2542 906 2618 descriptio
930 2548 1035 2618 exstat,
1058 2542 1105 2601 cni
1129 2544 1275 2619 periplurn

151 2645 300 2722 quendam
332 2646 456 2704 subesse
486 2646 678 2721 perspicuum
715 2645 779 2702 erit.
833 2644 940 2704 Strabo
972 2645 1063 2720 enim,
1097 2663 1276 2721 quamquam

150 2748 359 2809 Turdetaniac
382 2766 464 2807 oram
488 2746 697 2824 descripturus
720 2755 779 2823 est,
801 2765 860 2806 non
884 2746 1017 2806 subsistit
1038 2748 1068 2805 in
1092 2749 1178 2806 Anae
1193 2749 1278 2824 ostio,

152 2853 202 2928 qui
226 2851 314 2910 huius
337 2857 436 2910 terrae
466 2849 533 2910 finis
563 2856 622 2926 est,
652 2850 703 2910 sed
736 2850 892 2909 continuat
921 2849 1151 2927 descriptionem
1182 2869 1277 2926 usquc

151 2954 188 3012 ad
205 2954 445 3031 promunturium
462 2953 584 3014 sacrum
608 2951 647 3025 (e.
664 2960 689 3027 l,
706 2956 733 3024 9,
757 2953 790 3013 (l.
807 2956 869 3013 140
891 2949 979 3023 extr.)
1023 2953 1052 3011 ls
1072 2952 1203 3030 quidem,
1225 2955 1276 3029 qui

153 3075 212 3116 non
244 3059 341 3114 terras
365 3055 598 3114 mediterraneas
627 3055 768 3132 primario
799 3055 864 3115 loco
887 3053 1098 3114 describendas
1134 3056 1188 3114 sibi
1211 3074 1278 3131 prn-

151 3159 246 3233 pnnit,
276 3158 355 3216 sicut
377 3156 484 3216 Strabo
507 3157 536 3215 in
561 3157 589 3216 b.
612 3176 675 3233 par.
707 3158 846 3227 instituit,
878 3157 931 3216 sed
961 3158 1110 3234 periplnm
1134 3157 1278 3235 imprimis

152 3260 264 3336 scribit,
286 3259 449 3320 rectissime
472 3279 489 3317 a
513 3259 605 3335 Calpe
628 3259 784 3336 usquead
807 3259 1048 3336 promunturium
1071 3259 1194 3319 Sacrum
1218 3278 1277 3319 nnn

152 3379 241 3422 cursu
276 3361 372 3422 tendit
403 3370 433 3421 et
464 3367 536 3421 tunc
567 3360 650 3421 addit
688 3380 835 3437 quaenam
867 3367 949 3421 terra
978 3380 1069 3437 supra
1098 3362 1177 3421 hanc
1206 3380 1278 3422 orae

151 3470 265 3539 partein
289 3466 345 3524 sita
368 3465 419 3523 sit:
442 3464 522 3540 qnod
546 3464 624 3523 idem
647 3463 762 3523 faciens
777 3464 885 3524 Strabo
909 3464 1017 3540 peripli
1040 3470 1175 3523 autorem
1198 3465 1277 3523 omni

151 3572 237 3642 parte
260 3570 382 3626 secutus
414 3566 504 3642 plane
536 3565 736 3642 obliviscitur,
766 3584 799 3625 se
823 3566 926 3626 eadem
948 3567 1006 3625 iam
1029 3567 1059 3625 in
1090 3567 1148 3626 alia
1176 3585 1276 3626 rorum

151 3669 346 3746 dispositione
369 3673 522 3728 tractasse.
569 3669 655 3742 Quae
679 3688 746 3728 cum
769 3670 810 3728 ita
833 3670 906 3744 sint,
928 3668 1006 3727 hanc
1028 3672 1191 3729 extremam
1214 3689 1278 3747 par.

151 3779 253 3831 sextae
277 3778 392 3848 partem
416 3772 524 3849 peripli
548 3772 663 3832 auctori
687 3771 790 3832 deberi
813 3772 923 3847 elucet,
954 3790 1040 3848 quem
1065 3790 1130 3831 esse
1152 3773 1277 3832 Artemi-

151 3873 255 3934 dorum
279 3875 409 3950 prnbare
433 3874 573 3934 conabor.
618 3875 701 3934 Haec
723 3873 785 3933 sere
808 3873 909 3944 habui,
932 3892 1010 3950 quae
1029 3873 1066 3933 de
1089 3881 1193 3934 sextae
1215 3894 1278 3952 par.

151 3977 285 4036 lontibus
308 3975 452 4035 dicerem:
484 3977 512 4035 in
536 3995 663 4051 quorum
687 3975 877 4050 indagatione
900 3978 955 4035 etsi
984 3977 1091 4052 longus
1113 3977 1155 4035 fui
1179 3982 1275 4036 tamen

152 4086 278 4137 tortasse
309 4099 367 4138 uon
399 4080 543 4138 inutiliter
566 4079 770 4154 quarcstionem
803 4078 939 4155 extendi,
969 4099 1034 4138 cnm
1060 4081 1089 4137 in
1113 4080 1168 4138 buc
1191 4086 1276 4156 parta

151 4183 260 4258 optimc
295 4200 355 4256 qua
388 4183 504 4241 rationu
538 4181 644 4240 Strabo
679 4181 808 4240 sontibus
848 4189 961 4257 utatur,
1000 4184 1139 4255 cognosci
1174 4185 1274 4258 possit
