2858 4732
177 216 217 277 38

176 390 350 449 Mundensis
380 391 486 466 proelii
519 389 604 466 fecit,
634 390 840 465 novissimum,
870 388 940 448 dnm
969 390 1005 448 ab
1037 391 1110 449 urbe
1139 391 1169 448 in
1194 390 1304 466 Hispa-

177 493 254 550 niam
289 493 459 551 ulteriorem
493 495 600 568 quarto
634 496 664 550 et
695 490 856 550 vicensimo
889 490 955 560 die,
967 485 1128 567 pe1·venit.“
1183 491 1304 563 Quibus

176 597 275 653 verbis
310 614 376 653 cnm
411 595 627 671 comperiamus
664 593 820 653 Caesarem
857 594 884 651 iu
917 594 965 650 ilio
1002 595 1155 653 celerrimo
1185 595 1303 664 itinere,

177 716 281 773 poema
312 696 391 773 quod
425 696 595 754 inscribitur
628 697 687 754 Iter
721 697 940 770 composuisse,
980 696 1051 771 quid
1089 695 1168 755 alind
1200 696 1304 754 existi-

178 817 291 857 memus
314 799 402 857 hunius
426 798 570 875 poematis
594 805 800 873 argumentum
822 815 991 873 essequam
1016 798 1108 873 ipsius
1124 799 1195 874 eins,
1218 797 1303 874 qnod

177 900 255 975 fecit,
277 901 391 959 itineris
413 899 660 977 descriptionem?
707 901 750 958 Ex
774 900 831 957 hoc
855 904 990 974 poemate
1006 898 1111 959 Strabo
1128 900 1227 958 hausit
1250 899 1302 958 de-

177 1004 366 1079 scriptionem
384 1021 460 1078 quae
477 1006 576 1060 exstat
596 1002 624 1059 in
650 1003 704 1059 trac
719 1020 851 1077 paragr,
876 1007 964 1078 atque
983 1003 1059 1060 lianc
1075 1003 1166 1060 solam
1184 1003 1221 1061 ob
1238 1021 1302 1060 rem

176 1105 393 1180 simplicissimo
422 1122 578 1162 cansarum
611 1122 689 1162 nean
720 1102 833 1162 factum
857 1108 914 1179 est,
944 1110 976 1162 ut
1006 1103 1112 1162 Strabo
1141 1108 1304 1180 postquam

177 1208 254 1265 viam
277 1227 294 1265 a
317 1206 438 1282 Pompei
462 1206 592 1282 tropaeis
616 1224 711 1282 rusque
735 1204 920 1265 Obulconem
944 1205 1141 1282 pertinentem
1167 1205 1302 1281 descrip-

176 1311 222 1386 sit,
244 1309 376 1380 adderet,
409 1316 482 1383 quot
505 1307 612 1366 diebus
636 1308 745 1368 Caesar
769 1307 951 1368 Obulconem
976 1307 1116 1367 venisset.
1160 1308 1303 1368 Concedo

177 1413 255 1470 inane
290 1411 465 1470 sententiam
498 1417 558 1470 tum
590 1413 704 1468 tantum
745 1410 927 1485 probabilem
963 1428 1040 1484 csse,
1073 1411 1095 1469 si
1131 1411 1303 1468 existimare

177 1515 276 1583 licoat,
300 1514 328 1571 in
348 1513 484 1573 Caesaris
500 1513 592 1587 ipsius
609 1512 811 1587 descriptione
834 1515 908 1589 quot
924 1511 1029 1570 diebus
1045 1513 1099 1581 iter
1118 1511 1304 1588 perfecisset,

178 1635 236 1675 uon
262 1615 372 1674 dictum
397 1633 471 1674 esse.
516 1616 591 1673 Nam
616 1616 639 1672 si
664 1615 772 1673 hocin
797 1615 860 1689 ipso
885 1615 1015 1673 cormine
1038 1619 1302 1673 counnemoratnm
1352 1621 1355 1625 ’

178 1723 264 1794 esset,
286 1717 391 1776 Strabo
414 1737 514 1776 rernm
538 1717 699 1792 scriptores
720 1721 801 1773 certo
824 1735 882 1775 non
907 1719 1035 1774 citasset.
1080 1713 1138 1774 Sed
1155 1716 1205 1773 vix
1221 1715 1304 1791 quis·

178 1839 265 1895 qrram
289 1819 463 1894 contendet,
496 1837 618 1877 necesse
641 1837 707 1876 csse
730 1823 834 1894 putare
858 1819 1011 1878 Caesarem
1036 1817 1065 1876 in
1079 1823 1226 1893 poemate
1249 1817 1303 1876 illo

179 1922 293 1981 dierum
318 1940 472 1980 numerum
496 1922 663 1980 euuuiasse.

265 2025 329 2081 Hac
346 2023 533 2098 paragrapho
558 2041 628 2080 oruc
644 2023 807 2081 maritimae
830 2023 988 2101 descriptio
1005 2021 1087 2080 finita
1110 2025 1154 2080 cst
1198 2022 1305 2081 Restat

178 2127 276 2202 igitur,
299 2133 332 2184 ut
1085 2116 1087 2121 ’

709 2306 772 2379 ΙΙΙ.

179 2469 214 2508 ea
238 2465 459 2523 recenseamus,
490 2467 566 2523 qnae
598 2448 635 2504 dc
659 2447 821 2521 Hispaniae
846 2449 991 2506 mensuris
1021 2447 1099 2523 apud
1125 2446 1302 2507 Strabonem

179 2552 373 2609 inveniamus.
418 2541 500 2608 Haec
523 2551 600 2608 enim
622 2550 721 2608 adhuc
739 2549 943 2625 separavimus
966 2557 1089 2624 tantum,
1112 2568 1147 2608 eo
1170 2550 1305 2626 consilio,

180 2657 212 2713 ut
235 2671 295 2711 uua
319 2671 420 2711 eornm
445 2652 554 2711 fontem
586 2652 771 2727 indagemus.
815 2652 906 2711 Simul
930 2671 996 2711 cum
1020 2652 1075 2712 hac
1107 2671 1138 2711 re
1169 2670 1301 2727 conguu-

180 2755 278 2831 genda
295 2764 339 2814 est
359 2755 494 2831 quaestio
518 2755 554 2813 dc
575 2755 747 2814 auctoribus
762 2773 827 2829 cap.
842 2756 926 2830 prim.
941 2756 1059 2832 paragr.
1075 2755 1188 2831 tertiae,
1211 2773 1301 2829 quam

180 2857 262 2916 initio
296 2857 383 2914 huius
417 2856 673 2914 commentationis
706 2861 836 2915 tractare
870 2857 999 2915 noudum
1033 2859 1192 2934 potuimus.
1242 2854 1300 2916 Sed

181 2960 257 3018 trane
281 2958 536 3017 commentationis
559 2963 685 3034 purtem,
717 2976 777 3033 qna
808 2957 845 3016 ad
877 2957 954 3016 iiiam
986 2959 1021 3017 de
1045 2957 1172 3034 Augusti
1197 2957 1302 3018 choro·

181 3061 306 3138 graphia
329 3062 533 3136 quaestionem
557 3060 749 3131 adducemur,
772 3061 883 3135 puplici
906 3062 978 3120 iuris
1002 3061 1102 3120 facere
1125 3078 1206 3119 rrunc
1229 3079 1302 3120 nou-

180 3163 249 3222 dum
272 3180 403 3238 possum.
