2858 4732
159 212 196 271 18

154 403 249 461 τερος
271 370 444 456 (laciniosa
471 379 549 444 ἐστι’.
595 387 678 460 Quae
710 392 771 445 tum
796 385 832 445 de
857 387 987 445 rebusa
1017 387 1109 445 Bruto
1134 386 1274 445 Gallaeco

154 489 247 564 gestia
276 489 446 548 adiciuntur
475 489 600 566 Polybio
632 488 732 547 deberi
757 489 821 565 jam
852 487 961 546 dictum
989 493 1042 546 est.
1095 491 1167 547 Post
1197 490 1274 564 Tagi

155 592 256 668 anapli
272 591 502 666 descriptionem
525 592 611 666 copia
626 590 751 666 piscium
768 596 798 650 et
813 595 976 649 ostreorum
993 591 1139 649 laudatur.
1184 592 1275 648 Deni-

154 712 213 770 que
236 693 274 752 de
289 693 371 752 fonte
394 700 424 751 et
447 711 538 752 cursu
561 694 626 771 ejus
648 693 760 768 agitur:
783 711 858 769 quae
881 712 897 750 e
920 693 1036 768 periplo
1059 697 1177 769 sumpta
1199 711 1274 761 esse,

153 796 274 872 probari
303 795 372 853 milri
391 794 513 854 videtur
535 797 649 854 ratione
672 813 733 870 qua
754 795 844 853 ceteri
862 795 943 853 fluvii
965 795 994 851 in
1020 814 1090 854 orae
1112 796 1275 854 maritimae

154 897 355 973 descriptione
384 901 661 956 commemorantur.
707 896 904 972 Comparandi
929 905 998 956 sunt
1022 897 1049 953 ni
1072 898 1141 956 loci:
1172 902 1275 973 e.3‚1‚

153 1000 269 1061 (5152.
293 989 345 1076 ῥεῖ
365 985 394 1056 ‹l'
422 985 454 1071 (ὁ
481 988 594 1075 Τάγος)
618 988 703 1074 ἔχων
726 987 785 1067 τὰς
807 981 908 1074 ἀρχὰς
935 991 972 1055 ἐκ
996 988 1211 1078 Κελτιβήρων
1234 1043 1240 1054 .
1266 1044 1272 1055 .

151 1095 207 1160 ἐπὶ
230 1091 327 1160 δύσιν
343 1091 537 1180 ἰσημερινήν
557 1093 649 1178 μέχρι
671 1097 782 1158 aceoli
805 1089 1063 1178 παράλληλος
1086 1088 1140 1158 ὥν
1158 1098 1214 1178 τῷ
1237 1119 1272 1157 τι

151 1192 226 1285 ilva
248 1198 375 1281 καὶτῷ
398 1198 494 1262 Baiae
516 1199 586 1260 κτλ.

238 1306 486 1383 ο.3,4,0.153.
514 1291 534 1383 ἡ
566 1289 594 1362 δ’
617 1284 680 1362 οὖν
709 1294 831 1382 χώρα.
859 1351 863 1361 ,
896 1299 1078 1384 διαρριῖται
1109 1311 1274 1382 ποταμοῖς

150 1398 306 1486 μεγάλοις
320 1425 356 1466 τι·
378 1402 435 1465 καὶ
453 1413 595 1484 μικροῖς,
620 1391 745 1464 ἅπασιν
761 1452 767 1463 .
786 1453 792 1464 .
809 1397 1086 1484 παραλλήλοις
1100 1404 1149 1484 τῷ
1169 1395 1272 1484 Τάγῳ,

238 1529 261 1568 c.
277 1515 306 1587 3,
322 1514 351 1579 4,
381 1509 412 1570 (l.
433 1513 492 1569 153
524 1516 598 1567 extr.
620 1502 807 1586 περαιτέρω
839 1494 867 1566 ‹l’
889 1502 972 1566 εἰσὶν
1003 1497 1100 1565 ἄλλοι
1126 1504 1275 1585 ποταμοὶ

151 1598 398 1690 παράλληλοι
420 1618 491 1680 τοῖς
513 1610 687 1686 λεχθεῖσιν.

237 1734 261 1774 c.
276 1720 305 1791 4,
318 1719 345 1785 6,
376 1714 406 1774 G.
424 1717 483 1774 158
515 1721 588 1772 extr.
613 1703 664 1791 (isi
693 1698 722 1769 δ’
752 1696 782 1781 (ὃ
806 1703 988 1790 Σούκρων)
1020 1708 1058 1771 ἐκ
1084 1711 1147 1772 τοῦ
1179 1726 1272 1772 oraue-

147 1814 229 1894 χοῦς
252 1803 351 1894 ὅρους
375 1862 380 1873 .
407 1862 412 1872 .
437 1804 694 1893 παράλληλοςΙ
718 1810 755 1874 δι’
775 1833 848 1886 ποις
869 1814 919 1894 τῷ
937 1803 1042 1894 Ἴβηρα

236 1939 261 1979 c.
276 1923 305 1996 4,
317 1924 344 1989 6,
367 1919 398 1980 (l.
416 1922 475 1979 159
498 1909 549 1995 ῥεῖ
570 1903 600 1975 δ’
622 1904 747 1997 ὁἼβηρ
776 1903 843 1977 eiad
863 1908 1074 1995 Καντάβρων
1100 1910 1185 1995 ἔχων
1213 1908 1272 1986 τὰς

149 2007 272 2099 ἄρχοις.
295 2067 301 2077 .
327 2010 381 2078 διὰ
397 2016 529 2078 πολλοῦ
552 2014 686 2078 πεδίον·
702 2010 951 2099 παράλληλος
972 2028 1045 2090 τοῖς
1070 2015 1272 2099 Πυρηναίοις

149 2112 271 2203 ὄρεσιν’.

235 2226 377 2286 Videmus
401 2227 529 2285 omnium
560 2227 666 2285 horum
696 2227 849 2284 fluminum
873 2243 990 2284 cursum
1024 2226 1065 2284 ita
1093 2225 1208 2285 definiri
1244 2230 1273 2284 et

149 2328 319 2404 significari,
342 2334 376 2387 ut
398 2328 524 2404 dicatur,
554 2328 670 2386 cuinam
695 2329 822 2403 quisque
845 2327 953 2385 fluvius
984 2327 1073 2385 fluvio
1100 2328 1149 2385 vel
1180 2327 1272 2386 monti

149 2431 309 2507 parallelus
332 2430 382 2489 sit:
405 2429 485 2490 unde
504 2431 574 2506 jure
597 2430 735 2488 concludi
767 2448 857 2506 posse
880 2431 951 2487 milri
973 2429 1099 2499 videtur,
1131 2429 1181 2487 uni
1212 2431 1272 2486 cui-

149 2533 217 2592 dam
240 2533 338 2593 autori
362 2533 435 2592 haee
457 2533 618 2592 tribuenda
649 2550 715 2591 esse
738 2537 828 2608 atque
853 2534 993 2609 quoniam
1018 2535 1046 2589 in
1070 2549 1139 2591 orae
1163 2532 1272 2590 mariti-

150 2654 215 2694 mae
238 2635 441 2712 descriptione
464 2654 500 2694 ea
524 2654 541 2693 a
560 2634 708 2693 Strabone
731 2634 925 2709 proferuntur
948 2641 978 2692 et
1000 2635 1120 2692 ornnino
1143 2634 1272 2708 proferri

149 2736 272 2812 debent,
295 2738 409 2806 nescio,
440 2738 489 2796 eui
511 2736 649 2812 scriptori
672 2736 784 2812 majore
815 2736 1020 2812 probabilitate
1048 2754 1083 2794 ea
1112 2735 1272 2794 reddamus

149 2857 238 2914 quam
262 2838 371 2915 peripli
389 2840 514 2898 auctori.
558 2837 643 2911 Quae
661 2857 726 2896 curm
752 2838 794 2897 ita
817 2839 884 2913 sint,
909 2857 987 2896 nurm
1004 2837 1124 2912 quidem
1148 2856 1184 2895 ea
1200 2857 1272 2913 quo-

149 2959 208 3016 que
231 2960 290 3000 non
315 2941 422 3016 injuria
438 2941 541 3000 eodem
562 2959 608 2999 me
624 2940 780 2999 reduxisse
804 2944 885 3015 puto,
908 2958 984 3015 quae
1008 2940 1044 2997 de
1067 2939 1165 2998 fluviis
1188 2941 1271 2998 Baeti

149 3045 216 3102 Ana
237 3044 322 3118 Tago
344 3043 373 3101 in
389 3061 413 3100 c.
431 3047 457 3117 1,
470 3047 498 3119 6,
520 3042 552 3103 Ο.
569 3046 628 3104 139
645 3043 860 3102 convenienter
880 3042 970 3117 liujus
993 3061 1054 3117 par.
1072 3041 1171 3100 verbis
1194 3043 1273 3101 dieta

149 3150 227 3203 sunt.
270 3146 330 3203 Iam
354 3150 387 3204 ut
409 3163 490 3204 nune

678 3231 746 3299 ἓν.

149 3337 381 3409 praetereamus,
404 3351 464 3409 qua
478 3332 582 3409 populi
606 3331 828 3392 mediterranea
844 3337 980 3391 tenentos
995 3337 1220 3406 enumerantur,
1242 3335 1271 3391 in

677 3453 745 3522 §a

148 3553 186 3611 ad
209 3553 383 3613 Lusitaniae
410 3553 640 3628 descriptionem
663 3554 841 3613 accedimus.
892 3554 1130 3613 Consentaneum
1156 3560 1211 3622 cst,
1239 3553 1269 3610 in

148 3657 264 3730 periplo
293 3657 369 3716 sicut
404 3665 492 3716 antea
522 3654 558 3728 (e.
579 3660 606 3732 2,
621 3661 647 3726 1,
671 3656 701 3716 O.
715 3654 789 3727 141)
823 3658 852 3714 in
885 3657 1087 3715 Turdetaniam
1125 3675 1178 3714 ora
1207 3655 1270 3714 des-

149 3757 292 3818 cribenda
314 3758 406 3817 totius
429 3764 528 3819 terrae
543 3757 617 3818 fines
640 3764 779 3818 accurate
802 3759 913 3817 deliniti
931 3764 1008 3830 sunt,
1033 3758 1079 3815 lrie
1099 3759 1272 3817 Lusitaniae

149 3859 222 3918 lines
245 3861 411 3935 explicatos
432 3880 505 3920 esse.
550 3861 637 3922 Certo
661 3868 758 3920 atatem
780 3865 955 3936 argumento
979 3861 1058 3918 iutra
1081 3861 1197 3920 (tomum
1221 3859 1270 3918 de-

148 3965 334 4037 monstrabo,
376 3964 454 4022 hane-
492 3965 665 4023 Lusitaniae
706 3963 808 4023 finium
843 3964 1072 4038 descriptionem
1106 3982 1122 4019 a
1155 3963 1271 4037 periplo

149 4066 278 4123 tluxissc.
323 4068 355 4123 ln
379 4067 574 4141 sequentibus
597 4066 694 4125 verbis
717 4066 754 4124 de
775 4066 947 4123 Iarsitauiae
971 4067 1081 4123 :urrrbitn
1105 4066 1210 4138 agitur,
1234 4064 1272 4121 de

148 4188 208 4242 qua
230 4188 261 4227 re
284 4171 312 4226 iu
337 4169 394 4226 alio
424 4187 522 4226 rorum
547 4188 661 4229 correxu
693 4168 840 4226 disserere¹
869 4169 935 4226 mibi
961 4169 1112 4243 proposui.
1157 4168 1189 4224 ln
1213 4168 1270 4224 tine
