2858 4732
1130 196 1253 276 'm

132 390 307 448 maritimam
347 408 441 466 usqne
473 390 510 447 :ui
543 391 657 465 'largum
688 390 862 466 descripsit,
901 390 1073 448 interiorum
1104 391 1260 466 regionum

134 493 264 568 populos
288 493 370 551 nullo
394 493 473 552 t'acto
504 491 630 551 transitu
653 492 782 551 brevitor
804 493 915 569 tangit,
946 498 1068 568 tumque
1093 493 1199 551 iterum
1223 493 1261 550 ad

134 595 211 670 Tagi
235 596 341 653 ostium
367 595 500 654 resiliens
530 595 703 666 Lusitaniae
730 594 961 671 descriptionem
993 595 1155 672 subjungit.
1200 597 1260 654 lam

133 716 187 756 nos
210 697 347 773 quidem,
370 715 437 755 curn
461 697 488 755 in
513 696 668 756 Strabonis
700 715 769 757 orae
802 696 963 756 maritimae
988 696 1188 772 descriptione
1212 716 1261 773 pc·

133 799 240 875 riplum
276 799 450 858 continuum
481 799 695 869 invenerimus,
726 798 811 858 facile
843 799 1049 876 intelligimus,
1085 799 1157 875 quid
1189 801 1262 858 baec

133 902 225 960 verba
255 901 307 960 sibi
335 902 428 960 velint
451 906 480 960 ct
506 900 584 960 unde
607 904 673 960 orta
695 901 761 960 sint.
806 903 846 961 Ut
866 901 941 960 enim
969 902 1033 978 jam
1064 901 1201 973 diximus,
1231 903 1260 960 in

136 1003 253 1080 periplo
275 1008 345 1080 post
360 1023 430 1063 orae
454 1003 684 1078 descriptionem
709 1002 811 1063 eodem
836 1003 952 1062 dicendi
976 1022 1087 1078 genere
1111 1007 1140 1063 et
1163 1005 1262 1063 colore

134 1110 240 1165 secuta
255 1122 320 1165 esse
337 1100 461 1165 videtur
477 1105 661 1164 enumeratio
677 1106 866 1183 populorum,
884 1107 935 1182 qni
952 1106 981 1165 in
997 1106 1055 1166 hoo
1070 1105 1107 1164 ad
1121 1125 1260 1183 occasum

133 1212 279 1284 vergente
303 1209 397 1267 latere
420 1209 582 1286 Hispaniae
613 1208 833 1267 mediterranea
863 1212 967 1267 tenent
994 1207 1157 1268 etidcirco
1181 1213 1261 1267 recte

137 1311 280 1370 dicuntur
304 1303 336 1369 oi
358 1305 592 1389 ὑπερκείμενα
606 1307 678 1368 τῶν
700 1304 894 1388 λεχθέντων
907 1307 1027 1387 μερῶν.
1072 1310 1172 1386 Atque
1196 1312 1262 1371 lucc

136 1413 249 1472 clarius
272 1418 330 1482 est,
360 1418 429 1490 post
450 1412 623 1472 Lusitaniae
647 1413 875 1488 descriptionem
901 1412 1018 1472 demum
1042 1416 1111 1488 apte
1135 1412 1188 1472 lios
1211 1433 1261 1489 po·

133 1515 224 1591 pulos
247 1517 426 1592 enumerari,
448 1516 518 1591 quia
534 1522 595 1574 tum
612 1520 681 1591 post
703 1516 794 1574 totius
816 1515 940 1590 aOalpe
964 1533 1059 1591 usque
1082 1514 1121 1573 ad
1137 1515 1260 1574 Nerium

136 1619 372 1694 promontorium
397 1619 573 1693 pertinentis
596 1636 667 1677 orae
684 1617 914 1693 descriptionem
934 1617 1004 1694 jure
1022 1636 1088 1690 ,uno
1104 1622 1207 1677 tenore
1224 1616 1261 1677 de

133 1721 271 1780 omnibus
294 1721 415 1796 populis
430 1721 574 1779 interiora
597 1720 769 1779 tenentibus
789 1720 905 1778 dicitur.
950 1719 1006 1778 Sed
1031 1721 1055 1778 si
1078 1720 1148 1795 quid
1166 1720 1263 1796 video,

130 1824 193 1900 jam
218 1823 322 1900 peripli
346 1828 451 1882 auctor
477 1823 591 1899 justum
616 1822 809 1898 expositionis
839 1821 972 1881 ordinem
995 1823 1142 1900 pervertit
1165 1841 1263 1898 neque

134 1930 247 1984 temere
263 1925 320 1984 hoc
336 1924 414 1984 fecit.
460 1927 592 2001 Apparet
608 1926 684 1985 enim
707 1927 735 1983 in
753 1925 926 1983 Lusitaniae
942 1924 1044 1983 finium
1062 1923 1263 2000 descriptione

134 2046 273 2104 magnam
296 2033 410 2104 partem
435 2029 539 2086 borum
556 2028 735 2104 populorum
760 2026 992 2087 enumerandam
1017 2045 1083 2086 esse
1106 2031 1136 2087 et
1157 2046 1264 2087 revera

135 2131 304 2190 enumerari
327 2128 365 2202 (c.
382 2135 408 2205 3,
422 2135 450 2206 3,
474 2129 504 2189 O.
522 2127 606 2200 152).
650 2131 711 2189 Iam
728 2131 871 2190 sentimus
887 2130 976 2189 valde
998 2130 1171 2207 languidum
1189 2149 1264 2213 essr,

135 2237 295 2309 postquam
321 2233 349 2290 hi
377 2233 480 2308 populi
508 2233 537 2292 in
561 2233 718 2291 Lusitania
740 2232 970 2292 determinanda
992 2233 1173 2292 secundario
1197 2234 1263 2292 loco

134 2336 196 2413 jam
220 2335 387 2394 enumerati
409 2336 476 2411 sint,
507 2341 567 2394 tum
594 2335 710 2394 demum
736 2334 772 2393 de
795 2336 831 2393 iis
854 2336 927 2412 ipsis
950 2334 1049 2395 deuuc
1072 2341 1101 2394 et
1123 2336 1263 2411 primario

135 2440 200 2498 loco
228 2439 321 2498 verba
352 2437 460 2497 lacere.
506 2439 620 2496 Deinde
650 2456 723 2497 vero
746 2437 901 2497 recordari
924 2444 1057 2515 oportet,
1087 2437 1261 2498 Strabonem

137 2541 180 2600 bis
194 2541 395 2617 descriptione
406 2540 508 2600 eodem
526 2546 669 2616 provecta
686 2542 739 2600 hos
755 2542 886 2618 populos
898 2525 1265 2601 mediterr·ancaterrerrtes

135 2661 319 2702 enumerare.
364 2643 499 2701 Vidimus
522 2644 597 2702 enim
629 2644 716 2703 etiam
740 2644 769 2702 in
794 2648 895 2714 c.1,6
928 2644 1182 2720 ineunt.0.139,
1215 2644 1264 2702 ubi

136 2745 239 2804 eadem
263 2745 326 2804 fere
349 2746 431 2822 regio
456 2744 628 2821 depingitur
652 2750 745 2821 atque
769 2746 825 2804 hoc
855 2746 920 2804 loeo
944 2744 1063 2818 (c.3,1)
1088 2747 1264 2805 mentionem

136 2847 199 2907 fieri
215 2848 348 2923 gentium
365 2849 556 2906 interiorum:
592 2840 629 2906 ἐν
645 2841 681 2905 di·
696 2853 767 2917 τοῖς
783 2833 853 2905 ἅνω
867 2841 979 2926 μέρεσι
995 2845 1067 2905 κτλ·
1110 2847 1264 2920 Quaenam

136 2952 173 3009 sit
196 2951 365 3010 differentia
381 2952 459 3010 inter
484 2952 537 3010 hos
559 2953 650 3024 locos,
668 2952 731 3028 jam
756 2950 1034 3010 demonstravimus.
1078 2951 1142 3009 Illic
1158 2948 1264 3010 Strabo

138 3072 216 3112 nova
247 3057 336 3128 atque
365 3055 487 3129 propria
515 3055 630 3113 ratione
663 3053 892 3129 descriptionem
925 3054 1087 3112 instituens
1115 3053 1266 3128 excerpsit

137 3159 253 3215 tantum
277 3174 404 3232 eaquae
428 3157 464 3215 de
480 3156 672 3216 interioribus
696 3157 815 3232 populis
830 3157 860 3214 iu
876 3156 992 3233 periplo
1008 3155 1139 3232 fuerunt,
1165 3159 1264 3214 terrae

140 3259 224 3333 Tago
248 3263 277 3318 et
299 3259 366 3318 Ana
387 3260 573 3336 interceptae
601 3260 745 3318 rationem
770 3259 891 3318 habeus.
935 3260 992 3317 Hic
1016 3258 1125 3335 peripli
1149 3258 1266 3316 institu-

137 3361 246 3420 tionem
276 3365 382 3420 tenens
413 3380 480 3420 cum
513 3361 616 3420 eodem
647 3362 825 3437 pervenerit,
856 3362 962 3420 iterum
996 3362 1100 3419 harum
1133 3361 1264 3436 gentium

138 3464 391 3523 enumerationem
408 3482 534 3540 eamque
550 3463 715 3539 pleniorem
732 3463 863 3539 profert:
888 3464 969 3537 Quas
990 3481 1038 3522 res
1054 3463 1124 3521 mihi
1139 3480 1265 3540 perpen-

138 3565 219 3624 denti
241 3566 404 3641 probatur,
433 3565 540 3641 peripli
568 3574 720 3625 auctorem
753 3567 831 3625 hano
857 3567 988 3643 gentium
1013 3566 1265 3625 enumerationem

137 3668 240 3727 cedem
266 3667 478 3744 descriptionis
509 3668 574 3727 loco
604 3672 696 3744 atque
718 3669 892 3729 Strabonem
922 3669 1093 3727 inseruisse.
1137 3666 1265 3726 Adicere

139 3771 208 3829 milri
231 3771 319 3829 liceat
343 3770 430 3829 fidem
454 3769 595 3829 Meinelrii
621 3771 814 3847 conjecturae
836 3761 868 3827 oi
888 3763 923 3827 di
946 3751 1179 3847 ὑπερκείμενον
1194 3766 1266 3826 τῶν

140 3867 338 3949 λεχθέντων
368 3869 497 3950 μερῶν
527 3873 614 3931 valde
644 3873 749 3948 augeri
779 3891 813 3931 ea
851 3893 881 3932 re
914 3872 994 3948 quod
1023 3871 1131 3932 Strabo
1166 3872 1266 3949 priore

139 3976 215 4050 loeo,
238 3978 288 4052 qui
306 3977 376 4034 huic
392 3975 569 4052 respondet,
592 3974 663 4034 dicit
679 3967 716 4032 ἐν
734 3968 769 4032 di
786 3981 857 4046 τοῖς
874 3960 944 4032 ἄνευ
960 3969 1116 4053 μέρεσιν
1137 3973 1174 4046 (e.
1187 3980 1213 4050 1,
1226 3971 1266 4046 6).

140 4075 232 4136 Simul
257 4082 353 4136 autem
379 4096 459 4136 nunc
482 4077 580 4136 elucet
602 4096 637 4136 ea
667 4096 745 4153 quae
768 4076 876 4138 Strabo
900 4077 936 4136 de
959 4078 1134 4137 Lusitaniae
1157 4076 1265 4136 finibus

143 4180 230 4256 dixit,
258 4180 422 4240 abeodem
452 4187 573 4240 auctore
604 4181 733 4256 repetita
763 4199 829 4240 esse
860 4186 950 4256 atque
983 4182 1058 4240 banc
1086 4180 1263 4257 populorum
