2858 4732
1255 222 1274 278 1)

152 395 285 470 periplus
308 414 377 455 orae
394 397 556 455 maritimae
580 397 773 470 descriptioni
797 396 903 455 subsit.
947 395 1027 468 Quid
1051 400 1148 454 autem
1166 396 1202 453 dc
1218 395 1275 454 boe

152 498 218 556 loco
241 497 433 556 statuendum
458 503 524 558 est?
568 500 648 557 Num
672 515 862 569 censeamus,
893 498 930 556 (16
958 499 1015 556 bac
1037 497 1135 556 fluviis
1157 499 1224 555 Aua
1246 502 1275 556 61

150 599 236 675 Tago
259 601 426 675 intercepta
455 602 578 677 regione
600 601 805 676 geographum
828 599 979 677 quendam
1002 601 1161 676 separatim
1184 598 1275 658 verba
1357 679 1360 684 Ι

151 701 273 778 1661666,
302 702 345 761 616
368 706 401 761 61
424 703 481 762 hoc
504 705 569 762 loco
592 703 708 778 Strabo,
740 705 863 778 eiusque
887 702 1131 779 chorographiam
1155 701 1203 760 hic
1224 702 1274 760 ad·

152 803 272 862 bibitam
308 806 394 864 esse?
449 807 576 864 Minime.
634 806 767 883 Apparet
798 806 876 864 enim
910 825 926 864 e
961 804 1164 882 descriptione
1197 823 1275 880 quac

150 906 294 982 sequitur,
318 908 454 983 copiosas
477 907 616 968 Straboni
638 913 758 984 praesto
782 908 873 968 fuisse
898 908 1100 984 expositiones
1124 912 1153 967 et
1172 925 1275 966 narra·

150 1010 248 1068 tiones
271 1008 307 1069 de
324 1010 444 1069 Baetica
467 1012 515 1070 vel
536 1011 730 1082 Turdetania,
753 1029 831 1087 quae
847 1012 915 1070 Ana
937 1011 1027 1070 fluvio
1044 1011 1081 1069 ab
1105 1028 1139 1070 eo
1163 1009 1275 1086 finitur,

150 1113 180 1170 et
203 1111 240 1170 (16
263 1112 430 1182 Lusitania,
459 1131 547 1189 quam
575 1115 629 1175 etsi
653 1115 851 1173 recentiorem
874 1115 1074 1173 Romanorum
1098 1113 1274 1171 divisionem

151 1213 316 1290 Hispaniae
339 1215 482 1290 cognovit
512 1215 548 1282 (c.
564 1219 592 1285 4,
606 1219 654 1276 20.
678 1211 809 1292 (1.166),
831 1221 928 1274 16666
956 1214 1118 1275 seeundum
1142 1216 1275 1292 priorum

150 1319 317 1392 temporum
351 1321 488 1376 auctores
511 1318 595 1393 Tago
629 1318 775 1378 adversus
809 1317 961 1377 meridiem
994 1318 1140 1376 contineri
1172 1317 1276 1377 statuit

151 1417 189 1490 (c.
204 1423 233 1496 3,
246 1421 273 1478 3.
297 1416 429 1490 11152).
473 1421 638 1479 11666166
669 1421 767 1498 regio,
795 1439 873 1496 quae
903 1423 981 1480 inter
1011 1420 1064 1480 hos
1091 1420 1197 1479 fluvios
1219 1420 1275 1478 sita

78 1575 80 1578 .
152 1527 208 1592 est,
231 1523 353 1599 propria
376 1521 578 1599 descriptione
603 1524 738 1583 nimirum
762 1524 891 1594 carebat,
922 1525 1062 1600 quoniam
1086 1541 1122 1582 ue
1146 1523 1275 1598 populus

151 1624 272 1700 quidem
305 1625 412 1684 clarior
444 1644 506 1684 cam
539 1625 694 1686 incolebat.
745 1627 772 1684 A
802 1626 1006 1702 septentrione
1036 1626 1113 1685 enim
1141 1626 1275 1684 Lusitani

150 1728 326 1786 invaserunt
354 1735 383 1787 et
405 1728 444 1787 ibi
467 1728 668 1788 consederunt
699 1728 736 1800 (c.
755 1734 781 1800 1,
794 1734 821 1790 6.
844 1723 1026 1787 Λυσιτανοὶ
1048 1721 1274 1805 μετοικισθέν-

150 1845 204 1897 τες
226 1848 249 1888 c.
266 1835 293 1900 3,
307 1834 333 1890 5.
357 1831 387 1890 O.
406 1828 492 1904 154),
522 1835 623 1906 partes
653 1850 725 1892 vero
750 1833 838 1890 huius
861 1831 993 1908 regionis
1017 1830 1053 1889 ad
1078 1833 1221 1890 orientem
1245 1835 1275 1890 et

150 1930 302 1990 meridiem
330 1939 491 2009 vergentes
519 1934 720 1993 Turdetaniae
750 1934 987 1993 recensebantur
1009 1933 1045 2000 (6.
1062 1938 1119 2010 2,1
1145 1930 1274 2004 0141).

150 2035 211 2092 Iam
234 2034 369 2095 videmus
390 2034 565 2094 Strabonem
588 2037 683 2112 ipsum
709 2037 797 2095 buius
820 2037 1019 2111 separationis
1035 2042 1184 2096 auctorem
1201 2054 1274 2096 esse

149 2155 185 2196 eo
208 2137 331 2197 consilio
355 2137 461 2214 factae,
484 2143 516 2197 ut
539 2142 601 2198 tres
617 2143 715 2198 certas
732 2147 833 2216 partes
856 2140 886 2198 iu
902 2138 1106 2216 descriptione
1129 2138 1273 2198 efficeret:

153 2244 178 2297 1.
194 2233 378 2297 Λυσιταυὶα
406 2244 434 2300 2.
449 2235 693 2318 Μεσοποταμία
714 2237 776 2299 τοῦ
798 2229 871 2300 live
900 2235 956 2300 καὶ
984 2235 1047 2313 (οὗ
1075 2229 1183 2318 Τάγου
1206 2228 1272 2316 :td

157 2337 393 2421 Τουρδητανιά.
440 2343 527 2416 Quod
552 2344 707 2403 consitium
731 2344 820 2403 valde
843 2344 993 2403 laudabile
1016 2346 1116 2420 inepte
1138 2344 1273 2421 perfecit.

150 2446 226 2505 Nam
251 2447 402 2505 materiem
426 2464 504 2523 quac
527 2446 565 2506 de
594 2447 649 2505 bac
672 2448 794 2522 regione
821 2448 928 2524 partim
959 2449 989 2505 in
1020 2447 1135 2523 periplo
1166 2448 1273 2523 partim

150 2547 229 2624 apud
260 2548 334 2607 aiios
361 2553 500 2608 auctores
531 2551 556 2608 ei
585 2554 705 2626 praesto
735 2549 800 2619 fuit,
832 2550 996 2609 secundum
1028 2550 1105 2608 hano
1127 2555 1273 2608 terrarum

151 2649 325 2708 divisionem
353 2650 512 2727 disponere
542 2656 571 2709 et
593 2651 745 2728 explicare
770 2652 851 2710 nullo
880 2652 966 2711 modo
989 2651 1111 2710 studuit.
1156 2649 1275 2728 Oppida

151 2752 227 2811 enim
257 2771 335 2828 quac
359 2754 480 2812 suntin
504 2753 559 2811 bac
582 2758 670 2831 terra,
699 2753 885 2830 Conistorgis
915 2759 945 2812 et
974 2755 1167 2828 Paxaugusta
1197 2771 1273 2812 com·

150 2859 351 2914 memorantur
374 2857 403 2912 iu
427 2853 630 2915 Turdetaniae
654 2856 854 2932 descriptione
878 2855 915 2928 (c.
932 2860 1011 2933 a,15
1036 2855 1066 2914 O.
1085 2860 1154 2930 151,
1177 2876 1200 2915 e.
1217 2852 1272 2930 2,2

150 2957 181 3016 O.
200 2954 281 3028 141).
324 2957 389 3016 Nec
412 2976 465 3016 ora
489 2959 635 3016 maritima
658 2977 739 3034 vero,
768 2976 846 3034 quae
876 2959 1007 3034 pertinet
1028 2958 1065 3017 ab
1089 2960 1173 3017 Anac
1197 2959 1273 3016 ostio

150 3059 187 3118 ad
204 3061 328 3134 Tagum,
352 3078 411 3119 uno
428 3065 533 3120 tenore
555 3060 726 3137 depingitur
746 3060 864 3139 (c.1‚9
888 3061 918 3121 Ο.
936 3066 1005 3138 140,
1028 3080 1052 3120 6.
1069 3066 1124 3132 3,1
1144 3061 1173 3121 O.
1192 3057 1272 3129 151).

149 3160 210 3220 laur
235 3180 379 3238 nusquam
403 3162 595 3238 insequente
618 3163 819 3239 descriptione
835 3163 1075 3223 animadvertere
1098 3163 1146 3222 vei
1162 3165 1272 3222 sentire

150 3271 237 3340 potes
264 3265 344 3323 illam
378 3266 618 3342 mesopotamiam
651 3267 772 3343 proprio
799 3269 956 3326 tractatam
995 3285 1067 3326 6666.
1118 3267 1273 3343 Perpauca

149 3386 222 3426 vcro
246 3385 322 3443 quae
347 3368 376 3426 in
400 3368 478 3427 hauc
500 3386 565 3427 ase
589 3370 653 3444 ipso
674 3370 840 3428 institutam
862 3369 1092 3445 descriptionem
1109 3389 1125 3427 e
1141 3368 1272 3428 fontibus

150 3469 284 3547 66616111,
309 3473 413 3546 postea
435 3470 484 3529 ubi
507 3472 537 3529 in
561 3472 667 3547 peripli
690 3489 780 3530 cursu
801 3472 840 3530 ad
863 3471 983 3531 easdem
1005 3472 1143 3547 regiones
1165 3471 1270 3530 iterum

149 3572 272 3648 accedit,
296 3573 385 3648 piane
407 3573 507 3632 denuo
531 3573 658 3649 profert,
687 3575 772 3650 quasi
804 3574 935 3633 nondum
960 3573 1062 3633 eadem
1085 3575 1272 3633 tractaverit:

149 3674 187 3734 de
210 3675 308 3735 fluviis
330 3675 397 3734 Ana
419 3679 448 3735 et
470 3676 568 3751 Tago:
593 3680 705 3750 c.1,6:
732 3670 867 3753 φέρεται
890 3662 920 3735 d’
942 3661 1009 3735 ἀπὸ
1033 3722 1039 3733 .
1066 3723 1071 3732 .
1097 3722 1102 3733 .
1126 3669 1272 3755 ἐπιστρέ-

149 3794 226 3851 φων
249 3777 302 3837 cir.
320 3796 344 3837 c.
361 3783 418 3854 3,1
444 3777 551 3839 Ο.152
576 3769 627 3856 ῥεῖ
648 3762 676 3836 δ’
699 3768 784 3855 ’έχων
807 3785 871 3856 cet,
898 3779 934 3838 de
956 3781 1063 3840 incolis
1084 3782 1271 3856 superiorum

149 3881 291 3955 partium:
316 3898 340 3939 c.
359 3885 384 3951 1,
399 3885 416 3941 6
433 3872 470 3939 ἐν
486 3873 521 3938 δὲ
536 3888 607 3952 τοῖς
622 3868 692 3938 dom
718 3928 723 3938 .
741 3928 746 3938 .
765 3927 771 3938 .
789 3875 947 3958 νέμονται
961 3881 1015 3942 cir.
1038 3901 1062 3942 c.
1079 3887 1137 3954 3,2
1154 3882 1272 3943 6166

148 4001 224 4058 quos
248 3984 329 4043 locos
352 4001 444 4060 supra
468 3981 740 4059 comparavimus.¹)
785 3985 883 4044 Unum
907 3990 960 4057 est,
983 3986 1064 4062 quod
1085 3984 1192 4046 Strabo
1215 3987 1272 4046 boc

236 4148 256 4211 1)
274 4145 315 4198 De
334 4144 428 4199 harum
448 4161 536 4199 rerum
556 4147 664 4214 origine
677 4162 750 4200 nunc
769 4163 825 4200 non
839 4149 1006 4216 quaerimus,
1024 4148 1153 4218 quoniam
1172 4153 1272 4217 postea
1332 4134 1335 4139 ’

149 4229 243 4284 eadem
263 4228 290 4282 in
311 4230 412 4301 peripii
431 4246 537 4286 conexo
555 4239 709 4287 occurrent.
