2858 4732
152 210 192 270 30

152 385 240 442 rebus
264 384 388 459 dixisse,
420 384 627 460 cognoscimus
658 381 841 460 cStephani
871 382 970 441 verbis
993 403 1018 442 s.
1033 403 1059 443 v.
1082 371 1281 461 Ἡμεροοκο-

150 492 248 543 πεῖον
277 474 376 555 πόλις
399 473 612 564 Κελτιβήρων
646 478 819 543 Φωκαέων
851 470 1000 553 άποικος.
1042 470 1281 563 Ἀρτεμίδωρος

151 581 297 664 δευτέρην
319 573 411 664 λόγῳ
432 604 461 664 γ,
507 588 672 646 Verisimile
695 592 748 661 est,
771 588 873 645 verba
889 575 1103 664 Κελτιβήρων
1127 576 1229 656 πόλις
1251 589 1280 646 ei

150 691 202 765 qui
225 690 406 749 Artemidori
428 690 576 764 epitomen
599 690 728 748 confecit
751 689 862 764 deberi,
885 689 935 763 qni
960 690 1048 747 situm
1071 695 1101 747 et
1124 691 1279 764 regionem

152 793 241 869 hujus
269 793 373 868 oppidi
403 793 432 850 in
463 792 632 865 universum
667 791 834 867 significare
865 792 963 849 vellet.
1008 792 1172 868 Hispaniae
1200 793 1278 851 enim

150 914 220 971 pars
244 893 282 952 ad
305 895 449 952 orientem
474 901 613 970 spectans
636 893 785 952 interdum
809 894 970 968 generatim
995 893 1173 953 Celtiberum
1197 899 1280 953 terra

151 997 303 1056 nominata
338 1001 390 1054 est.
436 996 534 1054 Verba
568 1002 665 1053 autem
702 988 874 1052 Φωκαέων
909 983 1050 1064 ἄποικος
1088 996 1153 1054 sine
1187 996 1303 1056 dnbio,

150 1099 334 1157 Artemidori
357 1103 427 1157 sunt
447 1109 678 1174 congrnnntque
709 1116 775 1156 cum
792 1097 947 1156 Strabonis
964 1098 1062 1156 verbis
1084 1091 1159 1175 τρία
1182 1092 1279 1155 πολί-

147 1217 223 1277 χνια
239 1196 508 1258 Μασσαλιωτῶν.
554 1200 640 1273 Quae
664 1218 730 1258 cum
755 1202 795 1257 ita
817 1200 890 1274 sint,
913 1199 1043 1275 deniqne
1065 1201 1279 1276 inquirendum

150 1311 203 1378 est,
227 1304 369 1380 quidnam
393 1322 502 1362 causae
525 1302 628 1373 fuerit,
652 1320 706 1361 eur
729 1301 835 1361 Strabo
858 1303 913 1360 ctsi
937 1302 1083 1377 periplum
1106 1303 1280 1383 adhibebat,

150 1415 248 1466 tamen
271 1407 308 1465 ab
332 1408 395 1464 eins
426 1406 510 1465 firmo
534 1404 639 1464 ordine
671 1404 835 1464 recederet.
879 1403 1054 1480 spectemus
1085 1406 1160 1464 haee
1182 1407 1280 1464 verba

150 1528 174 1568 c.
194 1514 221 1580 4,
240 1513 273 1584 6,
296 1509 327 1568 O.
352 1511 411 1568 158
444 1515 532 1567 extu:
562 1493 582 1584 ἡ
612 1494 641 1564 δ’
671 1500 834 1564 ἐνδένδε
872 1505 925 1579 (so.
955 1491 1022 1564 άπὸ
1049 1495 1278 1584 Καρχηδόνος)

149 1606 258 1688 μέχρι
281 1607 353 1668 τοτ’·
371 1598 517 1687 Ἴβηρος
539 1604 687 1684 παραλία
711 1610 741 1669 G.
760 1613 819 1669 159
842 1610 960 1668 ineunt:
985 1598 1108 1685 μεταξὺ
1129 1601 1191 1685 μὲν
1214 1595 1277 1667 οὖν

149 1709 212 1772 τοῦ
235 1702 442 1789 Σούκρωνος
468 1706 525 1768 καὶ
556 1708 613 1789 της
643 1696 860 1788 Καρχηδόνος
893 1711 1000 1769 deinde
1028 1700 1133 1768 acilas
1166 1695 1194 1768 δ’
1221 1703 1277 1768 ἐπὶ

150 1801 279 1891 θάτερα
300 1812 362 1872 τοῦ
385 1799 595 1891 Σοδκρωνος
618 1802 706 1871 ἰόντι
728 1804 783 1870 ἐπὶ
809 1803 870 1890 την
895 1802 1039 1889 ἐκβολὴν
1069 1810 1132 1871 τοῦ
1150 1798 1276 1891 Ἴβηρος

150 1917 167 1987 ξ
193 1923 231 1977 7.;
254 1903 389 1990 Μεταξὺ
412 1910 448 1986 δὲ
470 1913 540 1973 τῶν
562 1912 624 1973 τοῦ
640 1902 686 1988 ”Ill
697 1933 768 1994 poce
791 1907 969 1992 ἐκτροπολν
992 1909 1048 1972 καὶ
1070 1897 1139 1972 coin
1161 1903 1278 1993 ἄκρων

150 2158 260 2233 quibus
285 2174 350 2214 cum
380 2155 479 2213 verbis
511 2167 728 2231 comparemus:
760 2155 1010 2229 o.4,1,t¹.156:
1038 2148 1117 2228 φασὶ
1148 2147 1184 2211 δὲ
1208 2138 1275 2211 άπό

81 2324 84 2343 ,
150 2252 210 2334 μὲν
233 2246 394 2336 Κάλπης.
421 2303 426 2313 .
451 2250 506 2314 ἐπὶ
529 2244 726 2334 Καρχηδόνα
749 2248 841 2312 Νέαν
942 2249 1138 2314 ἐντεῦθεν
1161 2239 1189 2313 d'
1212 2247 1276 2312 ε’·πλ

150 2599 335 2657 intercedere
358 2599 436 2657 inter
457 2599 570 2675 primae
593 2616 656 2674 par.
673 2597 773 2672 verba,
796 2615 874 2672 quae
897 2596 1048 2655 stadiasmi
1072 2597 1190 2656 nomine
1211 2598 1275 2656 bre·

149 2700 226 2759 viter
250 2701 437 2776 strictimque
464 2699 621 2775 complecti
645 2700 715 2758 mihi
738 2699 835 2774 liceat,
857 2703 886 2756 et
909 2701 986 2758 inter
1009 2699 1223 2759 institutionem
1248 2704 1277 2759 et

149 2802 250 2878 capita
273 2801 483 2878 descriptionis
506 2803 624 2877 singula
644 2801 810 2860 exhibentis
827 2798 864 2872 (c.
876 2805 903 2875 4,
917 2806 945 2877 2,
967 2801 1090 2862 0156:
1113 2786 1200 2858 κατά
1222 2795 1275 2878 με’-

148 2920 205 2981 ρος
230 2896 265 2962 δε
288 2888 355 2962 όπό
379 2893 519 2983 Κάλπης
541 2902 630 2975 κτλ.)
675 2902 873 2962 Stadiasmum
891 2904 1009 2979 quidem
1032 2905 1069 2963 ab
1085 2904 1275 2963 Artemidoro

149 3026 208 3066 iton
232 3008 402 3067 confectum
434 3025 500 3066 esse
523 3006 660 3065 vidimus.
704 3008 747 3064 Ea
770 3025 850 3077 vero,
883 3024 960 3082 quae
989 3007 1019 3064 in
1049 3007 1116 3084 ipsa
1145 3026 1198 3067 ora
1226 3007 1276 3066 de·

147 3109 299 3184 pingenda
331 3110 533 3185 explicantur,
574 3109 764 3169 Artemidoro
803 3109 947 3186 imprimis
990 3111 1131 3185 apparuit
1167 3109 1277 3169 deberi.

149 3212 210 3268 lam
235 3211 304 3269 mihi
328 3211 448 3269 videtur
470 3210 576 3271 Strabo
608 3210 760 3270 stadiasmi
794 3219 892 3269 certas
919 3217 1021 3286 partes
1044 3212 1186 3287 primario
1209 3212 1275 3271 loco

149 3314 178 3371 in
203 3312 406 3390 descriptione
436 3313 589 3390 statuisse,
625 3313 757 3388 singulas
789 3331 860 3372 vero
888 3331 936 3371 res
968 3314 997 3371 in
1025 3315 1142 3391 periplo
1172 3315 1277 3373 ordine

149 3416 301 3492 expositas
330 3415 480 3475 stadiasmi
509 3417 659 3493 capitibus
690 3417 852 3475 inseruisse
884 3423 913 3473 et
936 3415 1107 3475 subiecisse.
1151 3419 1194 3474 Ac
1217 3419 1276 3494 pri-

148 3536 227 3575 mum
251 3517 371 3593 quidem
396 3524 486 3593 caput
520 3519 584 3576 sine
612 3517 797 3576 secundariis
824 3519 960 3595 partibus
985 3517 1165 3593 Carthagine
1188 3520 1276 3578 Nova

148 3618 262 3679 linitur:
294 3639 354 3695 qna
377 3638 409 3678 re
437 3621 467 3678 in
491 3621 548 3678 hac
569 3610 654 3697 parte
688 3620 796 3696 peripli
828 3626 915 3679 tenor
944 3628 1089 3679 servatur.
1133 3622 1277 3712 Alterum²

148 3721 229 3798 quod
254 3727 300 3781 est
322 3723 391 3780 inde
414 3742 432 3780 a
455 3722 636 3798 Carthagine
659 3741 756 3798 usque
779 3723 817 3781 ad
841 3722 973 3798 lberam,
1003 3725 1032 3781 in
1062 3724 1222 3783 stadiasmo
1247 3727 1275 3783 in

148 3823 223 3882 duas
247 3824 438 3882 secundariae
461 3831 562 3900 partes
586 3825 712 3883 divisum
737 3825 866 3884 videtur:
890 3825 907 3894 ἓ
931 3829 959 3900 6,
987 3825 1018 3884 d.
1037 3821 1105 3885 158.
1127 3812 1147 3902 ἡ
1172 3810 1201 3883 δ’
1224 3819 1275 3883 ε”ν-

148 3918 248 3983 δένδε
279 3919 373 4003 μέχρι
396 3923 458 3983 τοῦ
476 3915 598 4006 Ἴβηρος
623 3972 628 3983 .
654 3972 661 3984 .
691 3915 777 3984 κατὰ
809 3921 913 4005 μεόον
938 3945 1011 3996 πως
1040 3913 1079 3985 τό
1110 3917 1273 4008 διάστημα

149 4018 211 4105 ἔχει
234 4018 295 4084 τόν
326 4017 519 4105 Σοόκρωνα
545 4018 701 4105 ποταμόν
731 4075 736 4085 .
767 4075 773 4086 .
805 4029 853 4088 Sic
880 4032 1073 4106 geographus
1108 4037 1177 4106 post
1205 4032 1275 4090 Oar-

148 4130 299 4205 thaginem
323 4132 419 4190 statim
444 4131 480 4188 ad
505 4132 667 4190 Sucronem
690 4134 827 4209 pervenit
849 4145 939 4208 atquo
971 4133 1040 4190 indo
1069 4134 1104 4190 ab
1130 4135 1184 4190 hnc
1207 4135 1272 4192 loeo
