2858 4732
151 215 189 275 tu

150 391 216 449 loco
240 391 303 449 solo
327 393 551 449 commemorat:
576 375 617 467 ἣν
641 384 798 448 Κελτικαὶ
829 384 984 467 νέμονται
1014 379 1052 446 τὸ
1083 383 1190 447 πλέον
1217 383 1274 446 καὶ

150 489 221 550 τῶν
243 489 442 550 Λυσιτανῶν
464 508 552 561 τινες
575 485 612 551 ἐκ
634 489 693 570 τῆς
721 487 859 570 περαίας
881 489 944 550 ταῦ
971 480 1078 569 Τάγσα
1107 505 1273 568 μετοικισ-

151 588 269 664 θέντες
291 582 357 653 ὑπὸ
374 582 562 672 Ῥωμαίων·
585 595 665 672 quod
689 613 705 654 e
728 595 843 672 Polybii
868 595 1038 654 narratione
1061 593 1271 671 depromptum

148 715 213 756 esso
231 697 299 755 milri
316 697 441 756 videtur.
487 698 531 756 De
547 698 665 758 Celticis
680 698 757 756 cuim
775 696 826 756 ille
850 717 874 755 c.
891 702 918 768 2,
933 701 970 757 15
995 696 1026 756 G.
1045 700 1102 756 151
1121 696 1273 755 laudatur:

149 796 188 874 τῇ
220 791 255 856 δὲ
291 796 349 878 τῆς
378 788 489 877 χώρας
519 783 715 881 εὐδαιμονίᾳ
744 794 797 857 καὶ
829 789 868 857 τὸ
896 786 1022 877 ἥμερον
1061 844 1066 855 .
1099 844 1105 855 .
1136 845 1141 854 .
1174 809 1274 874 συνη-

150 890 343 980 κολούθησε
368 908 439 972 τοῖς
460 896 703 981 Τουρδητανσῖς
724 897 781 960 καὶ
804 908 874 972 τοῖς
891 899 1061 971 Κελτικοῖς
1077 894 1112 958 δὲ
1135 890 1191 958 διὰ
1211 890 1275 976 τὴν

151 998 343 1082 γειτνίασιν,
366 996 410 1073 ὡς
433 990 463 1062 d’
486 997 593 1083 εἴρηκε
619 991 789 1078 Πολύβιος
812 991 866 1063 διὰ
892 990 954 1082 τὴν
981 997 1182 1081 συγγένειαν.
1229 1004 1274 1062 Dc

150 1107 299 1166 ersitanis
332 1126 403 1166 vero
443 1109 550 1183 partim
584 1108 613 1168 in
648 1109 815 1185 oppositam
849 1109 925 1183 Tagi
958 1108 1052 1185 ripam
1086 1125 1104 1164 a
1134 1107 1275 1165 Romanis

150 1209 302 1268 translatis
334 1208 509 1269 conferendi
542 1215 612 1269 sunt
644 1210 780 1269 nonnulli
809 1211 879 1286 loci,
910 1209 958 1268 nbi
981 1209 1087 1270 Strabo
1116 1207 1153 1267 do
1184 1208 1275 1267 rebus

150 1313 284 1371 allanto
308 1312 448 1372 Gallaceo
471 1312 563 1388 gestis
586 1312 677 1371 verba
700 1312 784 1372 facit:
823 1330 846 1370 c.
870 1317 927 1387 3‚1
960 1312 1077 1372 0152:
1109 1295 1215 1386 cudcp
1240 1303 1274 1367 ot

151 1411 191 1490 τῇ
213 1399 312 1472 πόλει
336 1460 341 1471 .
367 1460 373 1471 .
397 1411 468 1472 τῶν
491 1406 699 1493 ἐπιτηδείαν.
753 1418 851 1491 c.3‚2
875 1413 1000 1474 &1523
1031 1399 1083 1471 διὸ
1114 1406 1171 1470 καὶ
1200 1406 1276 1470 ‹toe-

151 1503 343 1594 μαχώτατσι
367 1563 373 1573 .
400 1563 406 1574 .
430 1509 635 1595 ἐπωνυμίαν.
681 1536 705 1575 c.
723 1520 782 1591 3‚4
813 1516 843 1576 G.
862 1520 921 1576 153
949 1522 1022 1574 extr.
1048 1512 1105 1594 τῆα
1126 1508 1189 1592 μὲν
1211 1499 1276 1572 οὖν

150 1607 306 1696 Βρούτου
337 1613 510 1697 στρατείας
533 1662 540 1677 .
564 1663 572 1677 .
595 1599 702 1687 οὗτος.
748 1637 772 1677 c.
789 1623 847 1696 3,5
872 1618 903 1678 O.
922 1622 995 1679 154:
1018 1601 1217 1694 εὐδαίμονος
1239 1609 1275 1674 δὲ

150 1717 238 1799 τῆς.
262 1766 269 1780 .
293 1739 389 1799 usque
413 1721 560 1780 adfinem
584 1740 703 1799 paragr.
748 1721 831 1794 Quos
857 1722 939 1781 locos
970 1739 1006 1780 ea
1036 1719 1072 1779 dc
1104 1736 1196 1779 cansa
1218 1718 1275 1778 sub

150 1842 242 1883 unum
266 1828 456 1901 conspectum
480 1823 593 1900 redegi,
615 1824 686 1900 quia
708 1826 834 1901 apparet
857 1827 886 1882 et
902 1840 1005 1883 omues
1028 1821 1066 1881 ad
1089 1822 1167 1880 illam
1191 1820 1277 1880 llruti

151 1926 283 1988 Gallaeci
307 1926 527 2003 expeditionem
549 1930 686 2003 spectare
710 1932 739 1985 et
763 1925 874 1986 nullum
898 1925 1028 1985 indidem
1051 1924 1176 2001 petitum
1199 1940 1276 1999 esse,

152 2028 234 2088 unde
256 2015 488 2105 chorogr·apl1ia,
510 2031 559 2088 eui
581 2027 711 2088 insertus
734 2029 781 2087 sit.
832 2029 910 2088 Nam
938 2028 1004 2087 luce
1034 2027 1144 2086 clarius
1174 2030 1276 2084 estes

153 2149 230 2208 quae
253 2135 444 2207 o.3‚1,152
469 2136 588 2191 exstant
617 2119 736 2208 (ταύτῃ
767 2123 802 2188 δὲ
829 2127 869 2206 τῇ
898 2118 997 2188 πόλει
1018 2135 1122 2206 seqql,
1152 2145 1168 2187 e
1199 2127 1275 2188 libro

152 2233 292 2310 quodam,
320 2233 370 2308 qui
400 2232 437 2291 dc
465 2234 543 2293 bello
575 2253 642 2293 cum
671 2235 821 2293 Lusitanis
848 2239 932 2309 gesto
962 2233 1093 2309 scriptus
1123 2235 1196 2308 erat,
1226 2249 1276 2290 en·

154 2341 257 2411 ccrpta
288 2353 361 2412 esse,
392 2354 489 2411 nequo
513 2337 668 2395 concinere
699 2354 765 2394 cum
798 2336 905 2411 peripli
935 2336 1051 2394 ratione
1078 2333 1278 2409 describendi,

153 2457 230 2513 quae
257 2438 354 2496 estin
378 2438 521 2514 proximis
544 2438 650 2497 verbis.
694 2440 768 2496 Item
798 2455 846 2496 res
869 2455 901 2496 sc
932 2436 1021 2496 lrabet
1042 2440 1142 2507 c.3,2
1166 2435 1276 2496 0152

154 2529 219 2612 (dud
242 2534 364 2612 καὶ...)
381 2544 410 2599 et
426 2558 451 2598 c.
463 2543 519 2614 3,4
535 2538 567 2599 C.
584 2543 642 2600 153
667 2536 737 2618 (τῆς
751 2533 813 2616 μὲν
828 2518 891 2597 οὖν
906 2528 1119 2616 Βρούτου...)
1165 2539 1277 2598 Ultimo

153 2646 251 2702 autem
276 2659 363 2719 quem
388 2641 538 2702 attulimus
562 2641 627 2700 loco
651 2660 675 2701 c.
691 2645 749 2718 3‚5
774 2641 805 2701 O.
821 2645 879 2701 154
912 2641 948 2701 de
979 2641 1147 2701 calamitate
1170 2642 1278 2718 agitur,

153 2763 214 2820 qlla
236 2747 343 2804 affecta
367 2748 412 2804 est
434 2745 590 2804 Lusitania
611 2743 696 2803 bellis
719 2743 877 2803 diuturnis.
930 2743 1014 2816 Quae
1046 2763 1112 2803 cum
1140 2745 1183 2803 ita
1210 2742 1278 2816 siut,

153 2848 337 2923 aptissimum
354 2847 483 2924 videtur,
507 2865 565 2906 runa
589 2847 642 2906 lros
665 2846 747 2906 locos
766 2851 894 2905 tractare
910 2846 947 2905 ad
972 2865 1157 2906 communem
1174 2864 1277 2906 eorum

153 2955 286 3009 auctorem
311 2949 560 3025 investigandum.
605 2949 661 3006 llic
684 2953 780 3007 autem
805 2967 870 3007 moa
893 2948 1011 3024 quidem
1028 2950 1175 3008 sentcntia
1191 2949 1279 3026 Poly·

153 3052 219 3111 bius
251 3056 308 3121 cst,
349 3069 436 3128 quem
471 3050 508 3110 de
532 3050 576 3108 his
608 3050 698 3109 rebus
721 3051 871 3109 rettulisse
905 3054 1137 3109 consentaneum
1171 3056 1217 3110 est
1248 3052 1279 3110 in

154 3154 227 3213 libro
257 3153 294 3213 do
326 3153 402 3212 bello
426 3152 609 3212 Numantino
639 3153 758 3228 scripto.
802 3152 877 3211 Nam
908 3151 959 3211 illa
989 3151 1066 3211 bella
1088 3152 1192 3212 codem
1216 3152 1281 3212 fere

153 3261 287 3332 tompore
314 3259 399 3331 gesta
428 3258 506 3329 sunt,
534 3260 625 3328 atquo
647 3254 896 3314 Numantinorum
932 3259 1028 3314 motus
1057 3273 1093 3315 ex
1125 3255 1171 3314 luis
1195 3255 1281 3315 Lusi·

154 3364 290 3418 tanorum
317 3356 403 3417 bellis
431 3359 515 3415 ortus
538 3361 582 3415 est
612 3352 702 3432 (App.
718 3355 800 3431 Hisp.
817 3358 877 3426 76).
900 3356 1055 3416 Strabonis
1077 3375 1150 3417 vcro
1175 3357 1212 3416 de
1235 3357 1281 3417 luis

154 3459 244 3519 rebus
276 3458 464 3518 narrationes
492 3474 510 3514 a
540 3455 664 3532 Polybio
695 3458 801 3533 petitas
824 3475 888 3516 esse
911 3477 927 3517 o
951 3457 1016 3517 loco
1045 3460 1162 3536 ultimo,
1191 3478 1280 3536 quem

154 3562 249 3637 attuli,
278 3557 385 3638 (c.3‚5
416 3560 447 3621 O.
467 3554 538 3633 154)
562 3559 679 3617 elucere
707 3557 777 3618 mihi
806 3558 939 3618 videtur:
974 3561 1084 3636 quibus
1114 3562 1215 3621 verbis
1245 3581 1282 3621 ca

155 3659 357 3737 courtiue'utnr,
398 3679 475 3738 quao
508 3658 612 3720 Strabo
643 3659 672 3718 in
709 3659 880 3720 universum
921 3661 958 3721 dc
989 3663 1161 3722 Lusitaniae
1199 3667 1281 3724 statu

150 3766 321 3849 ⁴habituque
344 3762 468 3842 profert.
512 3759 618 3821 Strabo
642 3778 804 3822 ueroeam
828 3762 963 3841 depingit
985 3770 1109 3842 statum,
1139 3768 1168 3825 in
1193 3784 1281 3842 quem

155 3868 230 3927 liaeo
252 3872 332 3927 terra
355 3865 440 3927 bellis
462 3863 685 3939 latrociniisque
701 3863 849 3924 diuturnis
872 3864 992 3941 delapsa
1014 3870 1069 3944 est,
1090 3872 1181 3944 atque
1204 3868 1281 3943 prio·

155 3989 219 4030 rum
245 3973 410 4046 temporum
434 3983 482 4026 res
504 3965 677 4026 Lusitaniae
700 3965 923 4026 florentissimas
954 3967 1073 4028 indicat.
1119 3971 1179 4029 lam
1204 3971 1283 4030 liano

155 4073 313 4148 genuinam
339 4069 402 4129 eius
425 4067 595 4128 felicitatem
618 4065 737 4142 copioso
754 4067 899 4142 Polybius
921 4070 1060 4144 exposuit
1082 4071 1138 4136 ted.
1155 4072 1283 4130 Hultsch

156 4171 537 4249 xxxlvu‚4p.1306.t
583 4166 676 4242 eram
706 4166 741 4227 ob
773 4187 847 4239 rcus,
878 4187 943 4228 cum
975 4176 1208 4232 consentaneum
1236 4174 1284 4252 sit,
