2858 4732
150 207 190 266 ab

149 381 277 440 videtur.
321 379 429 456 Specto
459 381 510 439 illa
538 381 647 457 verba,
677 399 755 457 quac
783 381 862 456 apud
900 381 1075 441 Strabonem
1103 383 1278 442 Lusitaniae

151 482 382 559 descriptionem
407 483 541 558 proxime
565 483 758 541 antecedunt:

592 691 616 729 c.
634 675 692 747 3,2
717 671 834 731 0152.

149 783 182 848 ol
205 785 241 848 δὲ
264 778 495 868 ὑπερκείμενα
525 786 597 848 τῶν
621 784 815 867 λεχθέντων
836 778 930 869 όριῦν
957 791 1068 858 (codd.)
1085 790 1157 850 κτλ.
1205 793 1279 853 Cum

152 895 228 952 enim
252 912 351 970 pauca
380 893 431 953 illa
460 895 566 969 verba,
596 911 674 969 quae
704 894 811 953 Strabo
839 893 876 951 de
908 894 996 953 rebus
1026 914 1043 952 a
1071 893 1222 954 Gallaecia
1250 902 1295 954 et-

150 998 244 1056 Bruto
268 997 446 1072 cognomine
469 995 612 1055 Gallacco
640 998 731 1071 gestis
753 997 869 1055 inserit:
901 985 952 1053 διὸ
980 991 1036 1053 καὶ
1061 987 1281 1074 δυσμαχώτα-

148 1115 202 1156 τοι
226 1144 232 1156 .
259 1087 632 1174 ,..παρεσκεύασαν.,
666 1101 860 1174 secernimus,
893 1098 1096 1158 brevissimam
1134 1100 1281 1159 habemus

150 1203 403 1262 enumerationem
429 1203 559 1261 omnium
582 1203 724 1276 gentium,
748 1220 826 1277 quae
850 1203 880 1259 in
904 1202 1046 1262 interiore
1070 1203 1218 1279 Hispania
1240 1203 1280 1263 ad

150 1323 286 1364 occasum
311 1313 454 1380 vergente
485 1304 522 1362 ab
549 1304 672 1362 australi
706 1323 758 1362 ora
792 1322 885 1380 usque
915 1303 952 1362 ad
985 1323 1129 1363 oceanum
1160 1310 1281 1380 septen·

149 1408 306 1466 trionalem
329 1407 458 1483 alicujus
483 1407 622 1464 momenti
647 1411 723 1466 sunt.
769 1404 829 1465 Suo
840 1408 911 1482 jure
928 1407 982 1464 viri
1006 1406 1086 1490 docti
1101 1408 1280 1483 gravissime

149 1509 180 1568 in
204 1509 249 1567 his
272 1509 371 1568 verbis
393 1508 593 1568 offenderunt.
637 1508 683 1566 Ae
716 1509 841 1585 primum
873 1508 994 1584 quidem
1019 1528 1105 1569 nemo
1129 1510 1280 1586 intelligit,

150 1613 271 1689 quinam
295 1613 353 1670 sint
375 1611 419 1669 illi
449 1611 537 1688 „dieti
562 1604 702 1670 montes“.
746 1612 871 1671 Frustra
902 1613 979 1670 enim
1010 1630 1139 1688 quaeras
1167 1613 1197 1671 in
1228 1613 1280 1672 de·

150 1715 316 1790 scriptione
340 1732 417 1790 quae
440 1713 600 1784 antecedit,
625 1715 766 1772 montium
790 1713 979 1789 quorundam
1003 1715 1192 1791 mentionem,
1223 1715 1280 1774 nisi

149 1817 227 1877 forte
251 1817 307 1875 boc
331 1817 397 1875 loeo
421 1819 597 1892 spectentur
619 1815 662 1873 illi
686 1822 816 1889 montes,
839 1834 915 1892 quos
938 1814 1044 1874 Strabo
1068 1807 1280 1876 commemora-

149 1921 192 1979 vit
215 1937 238 1978 c.
255 1923 313 1997 2,3
338 1918 468 1979 0.142.;
490 1906 700 1995 παράλληλοι
716 1909 752 1973 δέ
773 1933 861 1987 τινες
884 1902 992 1994 ῥάχεις
1011 1903 1103 1995 ὀρῶν
1118 1913 1279 1997 παρατεί-

149 2034 246 2080 νουσι
269 2019 319 2100 τῷ
340 2017 484 2098 ποταμῷ
508 2022 560 2087 (sc.
583 2015 693 2091 Beira]
750 2066 755 2075 .
780 2010 944 2098 ,πλήρεις
967 2026 996 2079 et
1018 2004 1213 2097 ὑπέρκειται
1239 2016 1276 2081 δὲ

148 2120 204 2182 καὶ
227 2110 355 2182 τούτου
377 2117 569 2200 μεταλλείας
593 2113 712 2199 ἔχοντα
741 2108 801 2201 ὄρη
833 2169 839 2180 .
871 2169 877 2179 .
902 2165 909 2180 .
936 2110 1053 2199 Τὲιγον.
1100 2125 1201 2200 Atque
1224 2125 1279 2184 hos

151 2234 267 2287 montes
290 2245 396 2286 revera
418 2226 631 2302 intelligendos
654 2244 718 2285 esse
750 2227 864 2285 censuit
888 2226 1083 2285 Oasaubonus
1107 2224 1219 2298 (Strab.
1241 2226 1278 2286 ed

150 2328 333 2390 Siebenkees
365 2336 394 2388 et
416 2327 591 2387 Tasclrucke
615 2330 689 2387 'lom
711 2329 776 2386 Vll.
807 2347 835 2402 p.
852 2332 912 2388 652
937 2328 999 2388 sive
1023 2328 1069 2386 ed.
1092 2330 1240 2388 Almelov.
1257 2331 1279 2389 1.

150 2453 177 2508 p.
195 2429 270 2502 227)
296 2436 386 2508 atquc
410 2450 506 2508 nuper
529 2448 594 2488 oum
619 2431 669 2489 illo
692 2430 762 2489 lecit
785 2430 815 2490 C.
838 2431 998 2489 Muellerus
1025 2429 1095 2502 (Str.
1117 2430 1162 2490 ed.
1181 2433 1279 2491 Muell.

151 2555 178 2612 p.
195 2538 256 2594 955
280 2534 318 2594 ad
341 2554 370 2610 p.
388 2537 456 2609 126,
474 2531 535 2604 22.)
580 2533 639 2592 Sed
663 2534 775 2592 etiarnsi
801 2552 866 2592 eum
891 2533 1078 2593 Groskurdio
1102 2531 1279 2605 (observatt.

151 2638 246 2698 critic.
268 2636 297 2697 in
322 2637 458 2696 Strabon.
482 2637 606 2696 [beriam
630 2656 657 2712 p.
676 2633 749 2706 111)
774 2636 866 2695 verba
890 2635 927 2694 de
950 2637 1058 2711 quibus
1083 2637 1279 2713 disputamus,

151 2759 254 2800 errore
277 2739 407 2816 quodam
430 2739 459 2797 in
484 2739 563 2797 hune
591 2739 686 2797 locum
711 2739 858 2796 translata
888 2757 968 2813 csse,
1002 2739 1147 2814 principio
1179 2746 1278 2800 autem

149 2843 283 2919 proxime
314 2841 455 2917 postilla
486 2840 588 2899 verba:
619 2827 811 2916 ὑπέρκειται
842 2834 877 2897 δὲ
907 2834 964 2896 καὶ
993 2828 1124 2897 τούτου
1155 2840 1193 2913 (c.
1212 2847 1279 2919 23,

150 2942 388 3015 atoariense
422 2943 638 3019 eaistImemus‚
669 2962 706 3002 nc
734 2950 795 3002 tum
826 2943 944 3019 quidem
977 2944 1048 3002 satis
1079 2944 1173 3019 liquet
1204 2945 1279 3004 haec

151 3048 225 3105 mira
261 3047 392 3120 gentium
417 3044 609 3104 enumeratio.
668 3046 776 3120 Neque
807 3046 882 3103 enim
915 3050 1148 3104 consentaneum
1181 3065 1279 3123 neque

150 3154 254 3225 aptum
279 3152 332 3225 est,
355 3166 457 3207 omnes
479 3148 616 3223 populos,
640 3149 689 3224 qui
706 3153 810 3207 tenent
833 3148 1050 3207 mediterranea
1072 3148 1142 3207 inde
1165 3151 1202 3209 ab
1225 3169 1279 3210 ora

150 3251 240 3310 maris
272 3250 380 3310 interni
412 3266 508 3326 usque
540 3249 577 3308 ad
602 3269 681 3310 oram
706 3251 982 3326 septentrionalem,
1014 3252 1043 3309 in
1074 3251 1279 3312 Turdetaniae

150 3353 351 3430 descriptione
379 3359 447 3429 post
478 3353 620 3412 montium
645 3374 662 3412 a
685 3355 768 3412 Baeti
799 3372 892 3430 usque
923 3354 960 3411 ad
984 3353 1103 3429 Tagum
1126 3355 1278 3430 pertinen-

150 3457 222 3514 tium
261 3457 571 3515 commemorationem
604 3457 690 3533 quasi
727 3475 781 3532 per
817 3457 1004 3516 occasionem
1039 3474 1279 3530 commemorare,

151 3575 248 3634 neque
265 3559 385 3617 omnino
401 3565 482 3618 reete
499 3558 609 3617 dicitur
634 3567 739 3634 gentes
756 3560 809 3617 lras
824 3564 905 3617 trans
922 3564 1037 3617 montes
1053 3558 1119 3617 illos
1136 3559 1279 3619 babitare.

152 3659 299 3735 Equidem
323 3666 407 3718 trans
423 3679 498 3736 quos
515 3671 631 3720 montes
647 3661 809 3737 Hispaniae
825 3661 880 3720 has
896 3666 1002 3736 gentes
1026 3661 1161 3720 babitare
1177 3662 1278 3722 dicere

150 3760 245 3834 ducat,
286 3778 410 3836 prorsus
440 3763 554 3838 ignoro.
599 3762 693 3835 Quam
725 3763 762 3822 ob
792 3783 854 3822 rem
885 3763 1071 3838 Broquignyi
1103 3765 1278 3839 conjectura

149 3859 312 3939 ποταμῶν
334 3865 443 3922 omissa
465 3864 614 3924 Meinekio
642 3866 795 3939 assentior,
826 3865 877 3941 qui
901 3885 955 3942 pro
979 3849 1072 3942 ὀρῶν
1095 3867 1186 3924 scribi
1211 3868 1278 3926 vult

149 3959 263 4042 μερῶν
285 3964 430 4041 (,‚Vindic.
453 3966 590 4026 Strabon.
614 3961 707 4025 liber“
730 3986 757 4042 p.
774 3970 833 4035 26).
878 3967 936 4027 Sed
961 3972 1086 4044 apparet
1101 3968 1156 4027 bac
1180 3988 1277 4029 emen·

151 4066 271 4127 datione
312 4071 404 4126 totam
441 4087 502 4126 rcrn
533 4067 663 4127 nondum
697 4068 874 4127 difficultate
907 4070 985 4127 ornni
1018 4071 1171 4128 liberatam
1205 4092 1278 4131 esse.

151 4170 226 4228 Nam
245 4171 315 4246 juro
331 4171 487 4229 offensioni
504 4171 559 4228 l'uit
575 4170 769 4246 Groslrurulio,
793 4172 873 4246 quod
890 4173 1006 4246 Strabo,
1022 4182 1177 4248 postquam
1195 4193 1277 4233 oram
