2858 4732
1236 228 1273 286 15

150 400 271 461 harum·
287 418 387 459 rerum
417 398 550 475 origines
580 399 786 474 ostendentes,
822 398 931 459 deinde
961 401 1016 458 hac
1046 405 1129 476 parte
1160 400 1279 460 detecta

140 506 350 562 monstremus
381 500 448 578 quis
477 500 586 576 peripli
617 506 722 560 auctor
750 502 800 574 sit,
830 506 892 560 tum
924 501 982 561 hac
1013 503 1118 561 notitia
1140 503 1277 561 instructi

149 604 187 664 ad
211 603 361 681 reliquam
384 622 456 663 orae
480 603 646 664 maritimae
676 601 906 680 descriptionem
931 603 1171 679 perlustrandum
1194 621 1277 663 aece-

151 705 266 766 damus.
311 707 355 766 Ea
377 710 486 781 autem,
508 723 586 781 quae
602 705 639 764 de
659 723 730 764 erae
753 705 818 764 sive
840 706 931 765 totius
947 706 1108 782 Hispaniae
1132 706 1279 765 mensuris

150 807 275 870 aliunde
293 807 331 868 ad
353 808 433 869 hunc
448 807 596 884 periplum
613 805 792 877 adiciuntur,
815 807 844 865 in
861 809 1032 882 praesentia
1045 807 1165 884 quidem
1181 808 1279 868 seiun-

152 910 252 987 genda
274 908 363 971 modo
385 916 464 985 sunt,
486 909 557 986 quia
579 927 724 985 quosnam
747 914 869 969 autores
883 908 914 968 in
929 910 1075 986 Hispania
1098 907 1279 970 dimetienda

151 1011 261 1073 Strabo
291 1010 474 1081 adhibuerit,
508 1011 577 1070 item
612 1011 761 1087 propriam
792 1015 822 1069 et
853 1028 942 1070 uuam
976 1028 1041 1070 esse
1073 1011 1276 1086 quaestionem

151 1114 321 1192 apparebit.
1288 1122 1291 1129 ’

694 1295 734 1359 A.

409 1419 608 1480 Exordiamur
630 1419 722 1494 igitur
747 1440 773 1479 a.
785 1439 809 1480 e.
824 1425 850 1493 1,
863 1425 891 1497 7,
908 1420 938 1480 O.
954 1424 1023 1481 139.

685 1557 747 1624 §a

237 1675 377 1753 Periplus
400 1694 417 1734 a
439 1680 539 1735 monte
561 1675 655 1752 Calpe
688 1677 833 1751 iucipiens
856 1676 951 1735 tendit
973 1675 1012 1734 ad
1043 1675 1185 1753 oppidum
1209 1676 1279 1737 Oar-

153 1779 250 1838 teiam.
295 1779 481 1837 Postremum
508 1777 613 1836 deinde
638 1778 727 1836 huius
749 1796 812 1854 par.
828 1777 1014 1837 enuntiatum
1039 1768 1134 1850 (ἔνιοι
1159 1770 1278 1848 δὲκαὶ)

155 1881 298 1956 originem
323 1880 444 1939 aliunde
467 1888 556 1956 atque
580 1898 614 1937 ea
638 1898 716 1955 quae
737 1879 929 1955 antecedunt,
951 1879 1070 1939 trabere
1086 1880 1192 1939 Strabo
1216 1881 1280 1956 ipse

154 1982 275 2043 indicat.
320 1981 436 2040 Deinde
458 1983 486 2039 in

687 2119 748 2187 §ta

158 2246 227 2316 post
249 2238 390 2316 oppidum
413 2238 578 2296 Mellariam
604 2239 746 2297 Belouem
770 2238 947 2314 navigantes
969 2238 1153 2299 advenimus.
1198 2240 1278 2299 Hine

155 2341 266 2418 inquit,
296 2342 423 2399 maxime
450 2341 560 2414 Tingim
593 2341 796 2398 Mauretaniae
825 2341 970 2399 traicitur.
1020 2343 1080 2399 lam
1113 2347 1281 2417 sequuntur

130 2444 261 2504 'verbat
287 2421 332 2520 ἦν
347 2434 382 2500 δὲ
405 2435 461 2499 καὶ
476 2437 574 2519 Ζῆλις
595 2439 652 2521 τῆς
680 2438 805 2518 Ἠγγιος
829 2426 1046 2518 ἀστυγείτων,
1069 2427 1156 2501 ἀλλὰ
1176 2432 1280 2520 peuq'-

154 2558 254 2605 κισαν
276 2530 405 2622 ταύτην
419 2535 451 2614 ἐς
466 2533 527 2622 τὴν
547 2539 691 2620 περαίαν
700 2522 855 2620 Ῥωμαῖοι
877 2539 933 2602 καὶ
950 2528 1129 2620 ὠνόμασαν
1144 2528 1281 2604 Ἰουλίαν

150 2633 268 2725 Ἴοζαν.
313 2647 415 2707 Facile
433 2646 627 2723 intellegitur,
650 2648 695 2706 his
712 2647 809 2705 verbis
825 2652 959 2706 tenorem
975 2647 1083 2724 peripli
1099 2649 1283 2724 interrumpi,

159 2768 223 2810 cum
246 2752 277 2810 iu
301 2768 336 2809 eo
359 2749 501 2826 oppidum
530 2751 610 2824 quod
642 2753 767 2808 vocatur
789 2751 869 2809 dulia
890 2749 964 2809 lora
986 2750 1029 2808 eie
1059 2751 1282 2809 commemorari

158 2857 326 2930 oporteret,
356 2858 388 2910 ut
411 2853 545 2911 eluceret
575 2852 654 2911 iuter
683 2870 761 2928 quac
784 2853 849 2911 loca
871 2851 919 2911 vel
950 2851 1061 2928 oppida
1091 2852 1164 2912 illud
1192 2854 1281 2912 situm

158 2961 246 3015 esset:
274 2954 355 3032 quod
378 2973 394 3014 e
417 2953 572 3014 Strabonis
597 2954 695 3013 verbis
719 2973 777 3013 non
802 2960 936 3029 apparet.
981 2953 1098 3014 Deinde
1120 2973 1192 3013 vero
1215 2973 1281 3014 cunr

160 3057 239 3117 nulla
261 3056 408 3117 dubitatio
431 3056 477 3131 sit,
500 3057 573 3133 quin
597 3057 653 3115 lmc
677 3057 818 3134 oppidum
840 3057 916 3116 idem
934 3058 972 3116 sit
987 3062 1078 3134 atque
1093 3056 1283 3117 Transducta

157 3160 319 3221 Ptolemaei
343 3159 384 3233 (ll
400 3158 429 3235 4,
442 3161 471 3227 6)
496 3178 574 3235 quae
595 3161 673 3218 iuter
689 3159 833 3219 Carteiam
858 3166 888 3218 ot
904 3158 1065 3218 Mellariam
1088 3160 1144 3219 sita
1167 3164 1223 3231 est,
1246 3177 1282 3219 eo

158 3261 251 3338 magis
282 3267 424 3339 apparet,
455 3261 528 3320 laec
551 3261 645 3320 verba
667 3261 695 3319 iu
720 3261 867 3337 periplum
891 3261 1000 3320 iniecta
1030 3279 1109 3337 esse,
1141 3262 1282 3338 quoniam

160 3363 321 3441 descriptio
345 3365 401 3422 iam
426 3362 463 3422 ad
488 3364 629 3422 Belouem
654 3363 775 3433 fluvium
799 3368 944 3439 proveeta
973 3364 1159 3439 aliquantum
1184 3364 1283 3423 resilit.

158 3466 237 3541 Quid
259 3472 358 3528 autem
390 3466 445 3526 t'uit
478 3483 601 3541 causae,
632 3484 685 3524 cur
707 3465 815 3525 Strabo
845 3466 950 3524 mirum
974 3465 1003 3524 in
1035 3465 1168 3542 modum,
1197 3467 1284 3542 quasi

157 3569 375 3629 Mauretaniam
406 3567 603 3642 describeret,
632 3586 687 3643 per
717 3567 903 3627 occasionem
934 3573 1048 3627 tantum
1077 3568 1180 3644 oppidi
1208 3567 1284 3627 Zelis

159 3668 196 3730 de
218 3670 276 3730 hac
294 3670 455 3746 Hispaniae
480 3669 553 3730 urbe
576 3669 670 3729 verba
691 3669 826 3729 faceret?
870 3668 1016 3746 Equidem
1040 3687 1156 3740 censeo,
1179 3671 1209 3728 iu
1232 3689 1282 3745 pe-

158 3772 233 3849 riplo
257 3773 331 3832 haec
353 3772 444 3832 verba
467 3771 570 3832 luisse:
601 3762 766 3830 ἐντεῦθεν
796 3762 828 3829 οἱ
859 3761 995 3830 dedalea
1024 3761 1168 3848 μάλιστά
1199 3764 1283 3831 εἰσιν

158 3866 204 3944 εἰς
229 3867 339 3952 Τίγγιν
367 3868 432 3932 καὶ
455 3869 578 3952 Ζῆλιν
602 3870 662 3952 τῆς
683 3867 920 3952 Μαυρουσίας.·
951 3891 1029 3951 quae
1060 3874 1153 3933 verba
1175 3873 1283 3934 Strabo

157 3975 201 4036 sio
222 3975 350 4036 reddere
373 3995 431 4036 nen
455 3977 554 4053 potuit
576 3977 648 4052 quia
678 3981 860 4052 compertum
890 3975 1007 4051 habuit,
1036 3975 1179 4053 oppidum
1202 3976 1282 4035 Zelin

158 4080 187 4137 in
212 4079 399 4138 Mauretania
423 4079 479 4138 iam
503 4096 562 4138 non
586 4096 664 4148 esse,
688 4077 741 4137 sed
766 4079 884 4137 nomine
907 4079 1004 4138 Juliae
1026 4078 1118 4137 Joaae
1140 4080 1168 4137 in
1192 4096 1283 4155 oppo-

157 4181 243 4242 sitam
273 4181 367 4258 ripam
398 4182 584 4240 translatum.
637 4180 704 4254 Qua
736 4200 768 4239 re
798 4180 908 4240 factum
940 4188 998 4258 est,
1035 4186 1068 4240 ut
1090 4180 1196 4240 Strabo
1227 4199 1281 4256 per·
