2858 4732
148 203 188 262 24

147 390 227 454 φησι
249 422 289 450 ,,.
313 423 319 434 .
343 424 348 436 .
372 374 512 454 πρῶτον
534 371 595 453 μὲν
617 362 800 456 Ὠριγτανοί,
824 367 938 448 πόλεις
962 364 992 437 δ’
1015 396 1051 437 εν
1074 365 1189 448 αὐτοῖς
1211 374 1273 437 εἰσι

147 468 286 557 μεγάλαι
309 464 414 556 'Oppia
437 473 492 536 καὶ
508 469 727 538 Καστάλονν.“
771 481 949 539 Accuratius
965 482 1083 557 quidem
1107 491 1213 559 postea
1235 483 1272 540 de

147 582 193 641 his
216 582 288 641 locis
311 582 518 658 disputaturus
546 599 618 641 sum
662 584 752 642 Nune
775 582 995 643 Artemidorum
1028 585 1079 643 illo
1103 584 1167 644 loce
1191 583 1271 643 Stra-

148 685 234 744 bonis
250 703 315 743 esse
336 689 498 761 auctorem,
521 685 602 760 quod
621 684 684 761 jam
701 689 803 744 notum
828 688 901 761 erat,
924 704 1169 746 commemorasse
1190 687 1271 745 sufli-

148 788 195 845 cit.
240 788 358 863 Restat,
391 790 423 845 ut
453 786 658 861 respondeam,
687 788 711 845 si
735 787 802 864 quis
825 787 941 863 obiciat,
969 789 1065 863 ipsum
1089 788 1270 848 Artemidori

148 888 334 948 enuntiatum
371 889 409 947 ad
434 889 555 948 verbum
580 890 763 966 exscriptum
795 895 922 961 exstare,
958 890 1038 967 quod
1069 909 1134 949 eum
1166 891 1272 968 peripli

148 991 246 1050 verbis
270 1010 329 1051 non
353 990 427 1050 satis
458 995 611 1068 congruat.
656 992 828 1052 Occurrunt
850 993 927 1051 enim
950 994 980 1051 in
1011 997 1141 1070 c.a‚11,
1164 993 1195 1053 O.
1213 998 1272 1055 148

148 1094 234 1153 haec:
267 1083 353 1170 νιρδς
383 1081 424 1152 δν
453 1094 506 1168 (sc.
533 1076 788 1173 Ἐρατοσθένην)
817 1078 1053 1173 ΔἈρτεμίδωρος
1089 1079 1274 1173 ἀντιλέγων

148 1191 334 1254 καὶταῦτα
358 1191 492 1274 ψευδῶς
518 1190 675 1274 λέγεσθαί
698 1207 798 1275 φησιν
819 1181 877 1256 ὑπ)
900 1182 1016 1270 αὐτοῦ,
1038 1188 1194 1276 καθάπερ
1218 1193 1271 1256 καί

148 1289 188 1357 τὸ
212 1283 279 1358 eiad
303 1293 478 1379 Γαδείρων
504 1291 559 1358 ἐπὶ
581 1285 621 1357 τὸ
645 1288 736 1377 ἱερὸν
760 1284 972 1378 ἀκρωτήριον
1002 1295 1164 1379 δίαστιγμα
1199 1285 1275 1359 riai-

148 1420 218 1479 χειν
240 1390 373 1482 ἡμερῶν
402 1396 503 1460 πέντε
534 1397 653 1473 πλοῦν,
690 1386 732 1460 ου’
759 1387 930 1461 πλειόνων
955 1390 1069 1461 ὄντων
1091 1389 1111 1480 ἢ
1132 1398 1273 1480 χιλίων

148 1499 213 1562 καὶ
236 1495 491 1563 ἑπτακοσίων
513 1498 689 1562 σταδίων
713 1505 764 1564 cfr.
796 1506 904 1582 peripl.
936 1525 960 1564 c.
985 1510 1042 1581 1‚9
1067 1506 1097 1566 O.
1115 1509 1176 1566 140
1199 1511 1273 1565 extr.

148 1592 213 1665 εἷθ’
235 1592 380 1664 ὕστατον
410 1596 449 1664 td
480 1593 572 1683 ἱερὸν
600 1591 830 1684 ἀκρωτήριον,
862 1600 972 1684 διέχον
1001 1602 1072 1665 τῶν
1100 1601 1274 1686 Γαδείρων

149 1698 338 1779 ἐλάττους
357 1696 377 1785 ἢ
401 1703 627 1786 δισχιλίους
647 1703 839 1780 σταδίους.
884 1709 942 1768 Sed
963 1709 1032 1776 milri
1050 1709 1169 1786 quidem
1187 1710 1273 1769 valde

148 1813 309 1872 verisimile
332 1819 377 1871 est
407 1814 436 1871 in
460 1814 577 1890 periplo
610 1831 664 1888 pro
686 1813 808 1872 incertis
839 1813 938 1871 verbis
971 1800 1133 1882 ἐλάττους
1163 1799 1183 1890 ἢ
1209 1808 1273 1871 δισ-

146 1910 273 1994 χιλίους
296 1920 408 1974 certum
431 1915 580 1991 quendam
605 1934 761 1974 nnmerum
784 1916 928 1992 scriptum
952 1911 1032 1991 osse,
1054 1934 1141 1991 quem
1166 1915 1272 1976 Strabo

149 2020 247 2078 minus
269 2018 551 2078 definite-reddidit.
597 2019 695 2080 Causa
710 2037 769 2078 non
792 2019 873 2077 latet.
918 2019 991 2078 Oum
1008 2019 1084 2078 enim
1108 2019 1189 2095 apud
1214 2037 1273 2092 eos,

150 2122 201 2197 qui
223 2114 306 2190 τιεές
322 2124 468 2180 vocantur
490 2121 540 2180 alii
555 2121 780 2181 intervallorum
804 2121 921 2180 numeri
945 2125 1106 2197 exstarent,
1130 2113 1228 2189 (τινὲς
1244 2106 1273 2177 δ’

150 2208 217 2282 ἀπὸ
246 2217 308 2301 μὲν
339 2219 402 2281 τοῦ
425 2205 527 2300 Ἱεροῦ
557 2221 638 2295 κτλ.)
670 2225 734 2299 ipse
766 2242 920 2282 numerum
949 2223 1039 2300 plane
1069 2229 1182 2282 certum
1214 2243 1272 2282 non

151 2325 293 2403 prodidit,
316 2325 369 2386 sed
393 2326 433 2385 ita
457 2332 489 2385 ut
511 2326 548 2384 ad
572 2327 727 2402 utriusque
752 2327 883 2386 auctoris
906 2345 1061 2385 numerum
1085 2344 1158 2385 suus
1181 2345 1273 2402 quan-

150 2436 212 2488 tum
229 2428 291 2488 lieri
307 2433 407 2505 posset
425 2428 709 2488 accommodaretur.
753 2431 828 2488 Nam
853 2447 968 2488 summa
983 2429 1166 2503 singulorum
1182 2428 1272 2488 inter-

150 2532 305 2608 vallorum,
328 2550 405 2608 quae
420 2532 461 2590 illi
479 2524 565 2601 τινὲς
588 2531 728 2608 produnt,
752 2532 844 2592 elficit
861 2535 943 2592 1840
966 2530 1069 2601 stadia,
1092 2530 1273 2590 Artemidori

149 2653 223 2694 vero
246 2635 375 2710 spatium
399 2635 532 2693 continet
557 2638 639 2695 1700
662 2634 766 2695 stadia.
810 2635 855 2693 Ex
879 2638 1007 2710 utroque
1034 2634 1126 2710 igitur
1148 2652 1274 2694 numero

151 2738 295 2813 sequitur,
325 2738 562 2813 promunturium
587 2736 710 2796 Sacrum
735 2758 752 2796 a
781 2737 914 2797 Gadibus
937 2736 1046 2795 distare
1069 2724 1230 2805 ἐλάττους
1253 2722 1273 2814 ἢ

152 2834 333 2916 δισχιλίους
362 2834 525 2909 σταδίους.
578 2841 662 2912 Quae
690 2859 757 2898 oum
787 2841 829 2899 ita
858 2839 917 2899 sint
949 2858 1008 2898 non
1037 2839 1274 2916 existimaverim,

151 2943 230 3002 illum
255 2944 350 3002 locum
382 2943 502 3002 obstare
525 2947 645 3002 nostrae
669 2943 850 3018 sententiae,
878 2941 1099 3001 Artemidorum
1130 2959 1195 3000 esse
1225 2961 1274 3018 pe·

151 3046 220 3122 ripli
243 3048 403 3105 auctorem.

495 3329 548 3394 Ile
572 3347 635 3397 ora
658 3328 768 3394 maris
792 3328 938 3394 interni.

239 3457 330 3514 Nunc
356 3456 418 3532 jam
450 3455 689 3531 investigandum
724 3456 792 3514 milri
816 3456 970 3532 proposui,
1001 3455 1109 3531 quibas
1137 3454 1277 3513 sudsidiis

154 3557 260 3617 Strabo
284 3559 313 3616 in
337 3577 389 3617 ora
412 3559 536 3617 australi
560 3557 750 3634 depingenda
773 3575 845 3616 usus
869 3559 914 3632 sit,
944 3562 1034 3632 atque
1066 3574 1135 3615 num
1168 3558 1196 3615 in
1221 3557 1277 3616 hae

156 3679 276 3738 quoque
300 3680 361 3732 ora,
385 3680 462 3738 quae
485 3665 530 3720 est
552 3660 622 3720 inde
646 3679 663 3718 a
686 3661 778 3737 Calpe
802 3678 898 3736 usque
921 3659 957 3718 ad
974 3662 1147 3735 Pyrenaeos
1163 3664 1278 3719 montes

154 3769 184 3822 et
205 3764 369 3839 Hispaniae
396 3781 460 3822 cum
486 3763 583 3822 Gallia
606 3763 781 3839 confinium,
811 3762 888 3821 idem
919 3763 1054 3839 periplus
1077 3761 1278 3821 continuetur.

155 3866 255 3942 Atque
280 3885 359 3924 nune
382 3865 500 3941 quidem
525 3868 665 3942 quoniam
689 3870 839 3925 auctorem
871 3865 936 3942 ejus
967 3883 1031 3923 esse
1054 3863 1278 3924 Artemidorum

155 3969 356 4044 probavimus,
378 3968 514 4043 quaestio
537 3970 610 4028 haec
632 3969 672 4027 ita
696 3968 879 4028 instituenda
901 3968 1019 4027 videtur
1041 3985 1116 4043 esse,
1144 3972 1178 4026 nt
1200 3986 1277 4043 quae

153 4071 182 4130 in
209 4088 280 4130 orae
303 4069 505 4147 descriptione
526 4069 701 4131 Strabonem
726 4090 763 4130 cx
779 4070 969 4130 Artemidoro
993 4070 1135 4145 petivisse
1159 4068 1278 4129 demon·

158 4179 252 4233 strare
268 4173 425 4249 possimus,
449 4192 483 4231 ca
506 4175 534 4231 in
558 4175 671 4250 periplo
695 4174 744 4231 illo
762 4174 852 4231 fuisse
869 4173 1078 4249 existimemus,
1101 4175 1130 4231 et
1153 4171 1278 4231 vicissim
