2858 4732
1162 234 1198 291 17

71 407 232 468 dammodo
255 405 436 466 concludere
453 407 536 464 licet:
560 406 639 481 quod
655 407 747 464 verba
764 407 848 463 haec:
873 399 928 462 ἐπὶ
951 399 1077 483 πέτρας
1103 391 1199 483 ἀμαι-

71 495 227 568 andoeno
249 502 446 585 θαυμασίως
467 502 770 583 κατεσκευασμένος
801 490 908 576 odones*
939 490 957 563 ὃ
985 493 1098 585 Φάρος
1134 527 1200 567 oum

74 614 195 689 reliqua
217 611 307 687 hujus
322 611 423 687 partis
446 609 576 669 dictione
601 616 774 686 comparata
797 610 923 669 colorem
953 611 1047 687 magis
1077 612 1200 670 rhetori·

76 733 144 775 cum
168 692 280 773 liabent
302 712 464 772 Posidonio
492 713 660 789 proprium,
692 716 723 771 ut
746 712 850 772 Strabo
873 714 915 770 ait
945 731 970 770 c.
990 717 1017 786 2,
1031 716 1060 790 9,
1083 712 1200 773 0147.

72 804 304 883 Ποσειδώνιος
329 861 334 870 .
361 860 397 872 ..
428 798 491 871 οὐκ
519 797 674 890 ἀπέχεται
701 811 761 890 τῆς
795 802 965 891 συνήθους
988 805 1201 892 <ireneside-st)

74 919 140 977 lam
163 918 261 995 pergit
283 917 417 994 periples
446 936 464 974 a
493 916 590 975 verbis
613 907 775 972 ἐνταῦθα)
798 899 862 972 d'd
884 913 947 973 τοῦ
962 911 1101 987 Βαίτιος
1128 901 1202 975 dud·

74 1019 186 1090 πλους
207 1012 285 1096 ἐστὶ,
316 1038 393 1095 quae
423 1025 492 1094 apte
524 1019 684 1077 cohaerent
711 1038 777 1077 oum
800 1020 936 1094 proxima
966 1021 1073 1095 peripli
1104 1026 1202 1096 parte:

74 1116 97 1201 ἡ
126 1106 157 1179 δ’
185 1106 488 1199 ἄπολαμβαιομέαη
521 1116 621 1197 νῆσος
646 1166 651 1175 .
683 1167 687 1175 .
721 1103 871 1198 ἀφορίζει
900 1115 1077 1198 παραλίαν.
1131 1121 1203 1182 Sub-

75 1226 154 1285 sistit
183 1243 257 1284 vero
288 1226 317 1282 in
346 1225 457 1282 verbis:
486 1212 524 1278 sd
549 1207 640 1299 leode
672 1210 886 1300 ἀκρωτήριον
913 1217 1024 1299 διέχον
1047 1219 1119 1281 τῶν
1140 1223 1204 1282 Γα-

77 1321 203 1404 δείρων
225 1315 388 1394 ἐλάττους
410 1311 430 1402 ἢ
446 1319 625 1401 δισχιλίους
648 1319 811 1395 σταδίους.
858 1327 1003 1385 Postremi
1027 1333 1087 1386 tum
1112 1346 1204 1387 enun-

78 1430 159 1502 ciati‚
183 1448 244 1507 quo
268 1429 306 1488 de
329 1427 496 1488 intervallis
512 1429 620 1503 agitur,
644 1429 749 1487 iterum
767 1429 852 1487 aliam
871 1429 1013 1504 originem
1030 1448 1095 1489 esse
1117 1449 1204 1490 nemo

80 1551 140 1592 non
162 1531 254 1592 videt

166 1635 227 1694 Iam
250 1635 427 1711 priusquam
456 1634 492 1692 de
524 1633 612 1709 hujus
642 1634 748 1710 peripli
780 1640 902 1693 auctore
934 1635 1140 1711 quaestionem
1162 1636 1206 1694 in·

79 1738 251 1811 sumamus,
289 1755 379 1813 porro
410 1738 441 1794 in
473 1755 542 1795 orae
569 1736 734 1795 maritimae
765 1754 861 1811 usque
897 1736 935 1795 ad
967 1739 1206 1813 promunturium

81 1840 207 1900 Nerium
229 1839 406 1916 pertinentis
429 1837 628 1914 descriptione
653 1858 720 1897 eum
744 1840 884 1914 persequi
909 1858 1059 1898 conemur.
1106 1841 1208 1915 Pergit

76 1942 129 2003 ille
153 1943 183 2002 in

498 2081 520 2118 c.
539 2066 567 2134 3,
589 2061 649 2129 §L
674 2063 705 2120 O.
724 2065 790 2120 150.

165 2183 268 2240 Verba
286 2199 381 2258 usque
403 2180 441 2238 ad
465 2174 521 2236 καὶ
544 2171 578 2236 ui
597 2169 704 2256 Τιίγου
725 2173 860 2252 ἐκβολαὶ
883 2175 1026 2258 πλησίοι)
1042 2200 1116 2240 sana
1138 2188 1209 2242 sunt

74 2285 222 2360 justeque
252 2283 400 2359 periplum
433 2284 616 2341 continuant.
671 2285 716 2340 lle
746 2285 940 2359 sequentibus
979 2289 1077 2342 nutem
1107 2285 1208 2344 verbis

79 2404 178 2463 usque
201 2386 241 2445 ad
265 2377 295 2443 εί
314 2400 385 2442 που
408 2382 564 2443 Λακκαῑα
579 2383 740 2456 (Meineke)
765 2386 866 2443 omitto
890 2387 1104 2462 quaestionem,
1126 2385 1207 2463 quod

76 2490 181 2547 omnia
203 2506 283 2564 quae
304 2488 361 2545 viri
385 2487 464 2545 docti
488 2487 526 2545 ad
549 2488 645 2545 locum
671 2488 750 2545 bunc
766 2488 983 2546 emendandum
1008 2489 1208 2563 protulerunt,

77 2591 170 2649 nimis
184 2590 329 2650 incertam
347 2589 455 2648 habent
477 2590 572 2648 fidem.
618 2588 676 2648 Sed
693 2594 761 2647 utut
783 2607 831 2648 res
847 2608 879 2648 se
895 2589 992 2660 habet,
1017 2591 1073 2649 lroc
1090 2592 1209 2650 elucere

80 2692 156 2751 mihi
166 2691 294 2768 videtur,
315 2691 385 2751 inde
400 2711 417 2749 a
433 2693 531 2751 vorbis
547 2685 700 2749 ἐνταῦθα
717 2684 752 2747 δὲ
768 2685 824 2748 καὶ
841 2675 1015 2768 ιίναχύσεις
1030 2712 1047 2750 a
1063 2693 1209 2752 Strabone

83 2794 233 2854 nonnulla
253 2813 288 2854 ex
311 2795 371 2854 alio
401 2795 483 2854 fonte
511 2795 625 2870 periplo
655 2796 767 2852 inserta
797 2813 871 2853 esse.
915 2795 945 2852 Is
975 2797 1052 2853 enim
1082 2795 1210 2854 dilucide

80 2913 264 2974 progressus
286 2905 332 2956 est
363 2915 458 2973 usque
488 2897 525 2954 ad
556 2896 632 2971 Tagi
662 2898 782 2971 ostium,
815 2897 865 2955 ubi
895 2896 1029 2955 subsistit
1059 2917 1129 2957 orae
1152 2917 1210 2957 ma-

80 3000 199 3059 ritimae
224 2998 395 3075 descriptio.
440 3001 544 3074 ltaque
573 3018 650 3074 quae
674 3001 702 3056 in
728 2999 845 3074 periplo
869 3008 1044 3075 sequuntur,
1067 3000 1105 3058 de
1128 3001 1210 3059 nulla

84 3101 199 3160 aliare
225 3099 285 3159 dici
306 3107 439 3176 possunt,
470 3102 525 3159 nisi
549 3100 587 3159 de
610 3102 695 3177 'Pago
718 3102 783 3176 ipso
807 3107 836 3159 et
866 3101 903 3160 de
926 3101 960 3159 iis
984 3103 1113 3177 quaein
1136 3103 1211 3177 Tagi

80 3198 191 3280 anaplo
215 3208 385 3262 occurrunt.
429 3204 490 3261 lam
515 3203 551 3261 de
576 3204 617 3261 eis
641 3204 760 3278 quidem
786 3205 941 3279 attuariis,
972 3222 1050 3279 quae
1081 3206 1109 3263 in
1133 3204 1211 3281 Tagi

82 3306 155 3380 ripis
178 3323 246 3364 cum
270 3323 351 3364 mare
375 3306 470 3364 effluit
492 3306 577 3380 fiunt,
606 3305 636 3362 in
668 3306 768 3364 verbis
792 3307 987 3380 sequentibus
1010 3307 1121 3381 agitur:
1145 3294 1209 3364 doio

85 3390 114 3464 δ’
136 3394 312 3484 ἀναχύσιις
342 3399 379 3464 s’v
412 3414 482 3476 τοῖς
505 3394 589 3484 ὑπερ
613 3401 776 3484 καμίνοις
807 3401 936 3478 πεδίοις
965 3450 1002 3466 ..
1048 3410 1092 3466 lla
1120 3409 1211 3483 igitur

84 3510 252 3581 aestuaria·
267 3528 394 3587 qnorum
424 3529 515 3568 unum
539 3509 689 3586 quoddam
713 3511 814 3568 verbis
838 3510 946 3568 dubiae
968 3509 1036 3568 fidei
1060 3499 1211 3589 (π’ύςγοο)

87 3613 254 3672 accuratius
270 3611 419 3688 definitur,
442 3613 559 3671 ubinam
577 3631 642 3670 esse
658 3630 834 3671 censeamus
850 3612 905 3671 nisi
927 3615 956 3671 in
973 3631 1008 3671 ea
1023 3631 1094 3671 orae
1118 3619 1211 3689 parte,

89 3730 165 3788 quae
186 3719 232 3775 cst
253 3718 323 3773 ante
338 3715 414 3790 Tagi
438 3715 566 3774 ostium?
610 3733 689 3790 quae
712 3732 760 3772 res
784 3732 850 3773 cum
872 3714 980 3790 peripli
995 3714 1130 3774 ordinem
1146 3733 1212 3791 per-

87 3821 195 3892 vertat,
215 3818 359 3893 originem
382 3816 504 3876 aliunde
526 3820 651 3875 tractam
685 3815 824 3876 ostendit.
869 3817 1032 3894 Sequentia
1063 3817 1212 3877 deindea

87 3917 184 3977 verbis
206 3910 225 3977 d
248 3912 285 3977 δὲ
312 3908 416 3995 Ῥάγας
437 3914 493 3976 καὶ
516 3909 555 3977 τὸ
578 3907 710 3988 πλάτος
735 3921 841 3978 iterum
865 3921 944 3978 iusta
967 3920 1074 3996 peripli
1099 3921 1212 3980 ratione

86 4018 254 4093 procedunt
275 4038 372 4098 usquc
396 4020 433 4078 ad
450 4021 541 4080 verba
561 4016 616 4078 καὶ
632 4008 718 4099 ὑπὲρ
734 4006 796 4078 τὸν
813 4013 963 4098 Μύρωνα
980 4005 1008 4079 d'
1025 4012 1074 4079 dcc
1089 4010 1212 4098 μακρό-

91 4134 288 4144 ——-—-

173 4203 194 4267 ²)
211 4200 366 4270 Scheppig:
386 4201 428 4254 De
446 4202 594 4255 Posidonio
613 4203 680 4255 diss,
700 4202 759 4255 llul.
776 4208 840 4254 totid
859 4219 886 4269 p.
899 4207 940 4254 tl.

992 4309 1006 4355 2
