2858 4732
153 222 189 279 12

150 393 258 453 dchcrc
292 399 523 454 consentancum
548 399 602 453 est.
656 395 733 454 'l'um
762 396 873 454 incolas
903 395 972 454 dicit
1003 396 1146 454 nominari
1174 394 1274 473 lli-np-

152 485 317 573 δητανούς
349 501 378 556 et
405 486 650 574 theodosianae,
683 515 757 573 quos
784 514 850 557 esse
877 497 996 557 cosdem
1019 498 1069 556 alii
1085 485 1202 556 'dicant
1224 497 1274 556 alii

149 604 273 675 negent:
306 601 333 658 in
359 601 468 675 quibus
498 601 586 659 etiam
616 599 772 676 Polybium
801 617 876 660 esse.
920 598 980 659 Suo
1007 605 1106 659 autem
1139 604 1273 676 tempore

149 702 269 760 omnino
293 702 407 760 nullum
431 701 587 762 discrimen
610 720 766 778 apparere.
813 701 906 762 Valde
930 702 1091 762 dolendum
1115 707 1169 779 est,
1192 701 1273 778 quod

150 823 194 880 ea,
225 822 303 880 quae
337 803 418 880 apud
450 803 632 879 Stephanum
656 822 679 863 s.
701 823 727 863 v.
764 798 992 883 Ἱσυρδητανὶα
1025 823 1061 863 ex
1091 804 1273 864 Artemidori

48 943 51 949 -
149 905 266 982 periplo
290 905 327 964 de
350 906 406 964 hae
428 924 460 965 re
482 907 657 983 afferuntur,
681 907 766 964 nimis
789 907 927 981 ambigua
950 912 1029 984 sunt,
1052 925 1139 982 quam
1166 912 1197 966 ut
1219 925 1273 982 per

103 1049 106 1053 ν
149 1028 181 1068 sc
205 1013 361 1086 appareat,
391 1013 490 1068 utrum
512 1008 718 1068 Artemidorus
739 1011 867 1085 populos
890 1010 957 1068 illos
980 1009 1149 1068 distinxerit
1171 1010 1274 1068 necho.

150 1111 302 1188 Siquidem
330 1109 513 1188 Stephanum
545 1129 566 1170 s.
590 1130 616 1170 v.
628 1095 820 1189 Άψυρτίδες
842 1116 1023 1186 spectamus:
1051 1103 1083 1168 ol
1112 1107 1273 1189 νησιῶται

156 1197 323 1290 Ῐ4ψυρτθῐς
345 1207 402 1270 καὶ
414 1199 584 1292 Ἄψυρτοι,
614 1213 741 1272 fortasse
765 1233 801 1272 ex
830 1214 886 1272 hoc
907 1213 1051 1290 Stephani
1075 1232 1129 1272 usu
1153 1212 1272 1272 dicendi

150 1316 249 1392 colligi
277 1320 389 1391 potest,
419 1317 506 1375 etiam
537 1317 594 1374 hoc
622 1316 688 1375 loco
712 1315 822 1374 formas
845 1315 931 1375 modo
959 1315 1110 1374 nominum
1138 1315 1272 1374 diversas

150 1417 360 1494 intelligendas
384 1436 457 1477 csse.
501 1419 577 1477 'lum
602 1422 690 1488 certe,
720 1418 744 1477 si
767 1436 815 1477 res
838 1419 880 1476 itu
903 1422 956 1494 est,
986 1417 1130 1490 videmus,
1154 1419 1191 1477 ad
1218 1418 1272 1477 Ar-

149 1519 327 1580 temidorum
350 1526 488 1596 spectare
513 1521 586 1581 haee
605 1521 711 1580 verba:
735 1511 766 1579 ol
789 1506 952 1598 μὲντοὺς
975 1505 1097 1590 αὐτοὺς
1119 1515 1272 1598 νομίζον-

150 1640 212 1692 τες.
258 1622 315 1682 Sed
339 1622 436 1682 fateor
465 1642 520 1699 pro
545 1628 633 1692 ¹certo
664 1622 701 1682 de
725 1624 781 1682 hac
806 1643 838 1682 re
868 1623 1000 1684 indicare
1023 1642 1069 1682 me
1093 1642 1152 1683 non
1176 1641 1271 1700 posse.

150 1727 271 1801 Utique,
293 1725 384 1783 adicit
406 1723 521 1800 Strabo,
544 1723 777 1797 diversitatem)
800 1743 854 1784 suo
878 1731 1012 1801 tempore
1035 1743 1094 1784 nou
1111 1740 1271 1802 apparere:

150 1827 230 1902 quod
264 1829 301 1886 ab
339 1826 506 1886 hominihus
540 1826 578 1885 ibi
612 1829 736 1891 versatis
770 1829 951 1903 comperisse
985 1827 1113 1886 videtur.
1158 1829 1193 1886 Iu
1228 1846 1272 1887 se·

150 1929 311 2005 quentibus
333 1929 391 1986 iam
414 1929 514 1988 verbis
532 1928 736 1988 Turdulorum
761 1930 887 1990 eruditio
911 1935 1001 2007 atque
1025 1929 1171 2007 doctrina,
1194 1949 1272 2007 qnae

150 2037 266 2090 eeteros
305 2032 468 2107 llispaniae
505 2032 620 2090 incolas
663 2033 752 2108 longe
785 2037 917 2108 superet,
959 2032 1097 2091 laudibus
1138 2032 1271 2092 effertur.

152 2135 235 2192 llaec
256 2152 274 2191 a
297 2133 422 2208 Polybio
444 2133 621 2193 Strabonem
645 2132 783 2194 didicisse
807 2134 874 2192 mihi
892 2135 1036 2210 probatur
1060 2136 1124 2193 loco
1148 2135 1199 2210 qui
1223 2153 1271 2192 ex·

151 2240 209 2295 stat
231 2255 256 2294 c.
272 2240 352 2305 215
376 2236 407 2296 O.
425 2240 483 2296 151
513 2233 555 2311 Τῇ
579 2229 615 2293 δὲ
638 2233 697 2313 τῆς
717 2225 827 2314 χώρας
843 2222 1037 2317 εὔδαιμονὶη
1059 2231 1115 2294 καὶ
1136 2226 1176 2294 τὸ
1198 2223 1272 2314 ἥμε-

150 2354 212 2415 ησν
242 2332 297 2395 καὶ
320 2323 360 2396 τὸ
382 2325 561 2397 πολιτικὸν
584 2328 861 2417 συνηκολούθησε
884 2346 955 2409 τοῖς
981 2333 1225 2418 Ἰσσηδητανοῐς
1242 2385 1271 2397 ..

150 2425 246 2510 (1)ςὸ”
271 2433 379 2518 εἴρηκε
403 2430 573 2513 Πολύβιος
597 2487 602 2498 .
628 2488 633 2498 .
680 2444 760 2500 Beue
784 2443 860 2501 euim
879 2443 1026 2512 convenit,
1049 2442 1130 2518 quod
1154 2442 1272 2518 iiuapqui

150 2543 239 2602 vitam
264 2543 381 2602 civilem
405 2562 494 2619 agere
517 2543 667 2618 dicuutur,
691 2533 788 2620 vopei
812 2535 965 2621 ἔμμετρσι
989 2549 1018 2603 et
1037 2533 1273 2622 συγγράμματα

151 2644 208 2724 τῆς
230 2643 376 2715 παλαιᾶς
397 2636 522 2726 μνήμης·
545 2647 725 2706 tribuuntur.
769 2646 827 2706 Sed
851 2651 954 2723 aperte
978 2648 1064 2705 ctiam
1082 2647 1272 2706 Artemidoro
1340 2678 1342 2683 ·

151 2750 178 2807 h.
194 2750 210 2808 l.
234 2767 304 2808 usus
327 2754 384 2824 est,
416 2767 503 2825 qrrem
526 2749 661 2809 videmus
688 2768 735 2826 ap.
757 2750 857 2826 Steph.
882 2768 903 2808 s.
920 2769 945 2806 v.
970 2734 1098 2826 Ἰβηηίαι
1122 2748 1158 2808 dc
1175 2750 1273 2809 litera-

150 2856 234 2927 turae
257 2870 313 2910 risu
341 2851 421 2926 aliud
445 2852 608 2927 Hispaniae
638 2852 750 2910 incolas
773 2852 848 2910 hacc
880 2851 1028 2927 proferre:
1062 2849 1273 2928 γραμματικῇ

155 2946 189 3010 d'e
218 2949 364 3030 χρῶνται
386 2950 427 3029 τη
454 2948 525 3012 τῶν
548 2939 684 3012 Ἰταλῶν
713 2952 744 3011 oi
774 2941 865 3029 παρὰ
897 2939 1071 3010 θάλατταν
1101 2945 1275 3023 οἰκοῦντες

151 3052 221 3113 τῶν
243 3043 391 3132 Ἰβήρωνε
415 3058 521 3133 quibus
545 3057 643 3116 vorbis
662 3057 845 3132 respondent
868 3075 912 3132 cu,
934 3075 1011 3131 quae
1035 3056 1176 3131 deinceps
1192 3056 1272 3131 apud

151 3159 326 3218 Strabonem
350 3164 529 3235 sequuntur:
564 3153 621 3216 καὶ
644 3155 676 3215 οὶ
706 3146 805 3217 ἄλλοι
824 3146 942 3237 'dhoune
963 3153 1108 3235 χρῶνται
1130 3175 1274 3236 γραμμα-

152 3256 236 3336 τικη,
260 3247 302 3319 ori
324 3257 381 3342 μιᾷ
405 3246 434 3320 d'
458 3255 529 3340 ἰδέᾳ
546 3275 551 3286 ·
569 3245 647 3319 οὐδὲ
670 3251 731 3340 γὰρ
754 3250 887 3340 γλώττῃ
908 3258 975 3342 μιᾷ.

237 3384 270 3440 ln
301 3386 433 3441 extrema
465 3381 594 3457 denique
624 3387 708 3458 parte
731 3381 758 3441 h.
782 3400 844 3459 par.
876 3380 950 3440 fines
973 3379 1176 3440 Tumletaniae
1199 3380 1274 3440 desi-

150 3488 295 3559 gnantur:
319 3478 419 3541 τείσει
443 3469 472 3541 d’
488 3471 507 3562 d
520 3473 612 3561 χώρα
634 3482 718 3543 xvh:
742 3504 818 3561 quac
841 3485 932 3543 verba
956 3503 1009 3560 pcr
1025 3500 1056 3541 se
1074 3482 1181 3541 nullius
1205 3488 1275 3542 sunt

150 3588 250 3663 pretii,
282 3606 348 3646 euim
372 3587 434 3646 h.l.
456 3587 649 3664 geographus
672 3606 749 3664 quac
777 3587 855 3664 apud
880 3590 1032 3645 auctorem
1065 3590 1193 3660 exstent,
1224 3605 1274 3645 ex-

150 3695 262 3767 cerpat,
286 3690 393 3750 deiude
418 3709 442 3749 c.
460 3695 528 3766 2,1,
552 3690 659 3750 0141
686 3708 720 3748 ea
743 3691 859 3766 integra
886 3689 1035 3765 proferat:
1067 3687 1148 3763 quod
1179 3689 1274 3763 primo

151 3792 256 3852 obtutu
280 3792 471 3870 intellegitur,
495 3811 561 3852 cum
583 3792 676 3851 verba
700 3792 747 3852 hic
768 3795 798 3851 et
813 3791 871 3850 illic
885 3793 998 3868 scripta
1021 3805 1188 3867 comparas:
1211 3785 1274 3849 τεὶ-

153 3944 305 3953 ---
314 3947 352 3951 1,-

239 4029 259 4090 1)
277 4025 363 4079 Brevi
381 4039 593 4078 commemorare
607 4023 632 4076 h.
646 4024 662 4078 1.
682 4022 747 4076 mihi
766 4024 848 4077 liccat
861 4023 1011 4091 Sicgliuum
1025 4023 1105 4088 (diss.
1119 4023 1194 4090 Lips.
1213 4028 1274 4077 lete

151 4126 181 4181 p.
194 4110 240 4180 25)
257 4110 286 4164 in
304 4109 376 4164 libro
395 4123 476 4178 quem
496 4109 531 4162 de
544 4115 666 4176 tempore
679 4106 796 4175 Sagunti
815 4108 1031 4175 expugnationis
1050 4107 1170 4175 scripsit,
1184 4107 1274 4161 miuus

152 4195 339 4253 maledicere
359 4238 365 4250 .
384 4237 390 4248 .
410 4193 593 4260 'rurdetanen
613 4194 657 4249 eiu
678 4193 835 4274 ultrdlichcr
854 4194 954 4248 Staium
974 4209 1027 4246 von
1046 4192 1128 4246 ihuen
1148 4193 1275 4248 'l'urduli
