2858 4732
1189 223 1225 280 17

101 395 259 455 dammodo
283 393 464 454 concludere
481 395 563 453 licet:
588 394 667 469 quod
683 395 775 453 verba
792 396 875 452 baec:
900 387 955 451 ἐπὶ
979 388 1104 471 πέτρας
1130 379 1227 471 οἶμαι·

26 571 30 577 ,
100 483 255 556 κλδστου
276 490 473 572 θαυμασίως
495 491 798 571 κατεσκευασμένος
828 479 936 564 ὥσπες
967 479 985 552 δ
1013 481 1125 572 Φάρος
1161 515 1227 556 cum

103 601 223 676 reliqua
245 599 334 674 hujus
350 600 450 675 partis
474 597 604 657 dictione
629 603 802 674 comparata
825 598 951 657 colorem
980 600 1074 675 magis
1104 599 1227 658 rhetori-

105 721 173 762 cum
197 703 307 760 babent
330 701 491 760 Posidonio
520 702 688 778 proprium,
719 705 750 759 ut
773 701 877 760 Strabo
901 702 942 758 alt
972 719 997 758 ο.
1017 704 1087 778 aa,
1109 701 1227 761 0147.

102 792 332 872 Ποσειδώνιος
357 849 362 858 .
389 849 424 860 ..
456 787 519 859 οὐκ
547 786 701 878 ἀπέχεται
728 799 788 879 τῆς
822 790 992 880 συνήθους
1015 793 1228 882 <inpropriae-ft)

103 906 168 965 lam
190 907 289 983 pergit
310 906 444 982 periplus
474 925 492 964 a
521 905 617 963 verbis
641 896 803 961 ἐντεῦθεν
826 887 889 962 δδ
911 901 974 961 τοῦ
989 899 1127 975 Βαίτιος
1155 889 1229 963 ἇνδ-

104 1007 213 1078 πλους
235 1000 312 1084 ἐστὶ,
344 1026 421 1083 quae
450 1014 520 1082 apte
551 1008 712 1065 cohaerent
739 1026 804 1065 cum
828 1008 963 1082 proxima
993 1009 1099 1083 peripli
1130 1014 1229 1083 parte:

104 1103 126 1188 ἡ
155 1094 185 1167 d'
213 1093 516 1186 οἶπολαμβανομένη
549 1105 678 1184 νῆσος.
710 1155 714 1164 .
749 1091 899 1184 ἀφορίζει
927 1103 1104 1185 παραλίαν.
1158 1110 1229 1170 Sub·

92 1213 183 1272 'sistit
212 1231 283 1272 vero
315 1214 345 1270 in
374 1213 484 1270 verbis:
513 1200 552 1267 τδ
577 1196 667 1287 ἱερὸν
699 1198 913 1288 ἀκρωτήριον
940 1205 1051 1288 διέχον
1074 1207 1146 1270 τῶν
1167 1211 1231 1271 Γα-

106 1309 231 1392 δείρων
253 1303 415 1382 ἐλάττους
438 1299 457 1391 ἢ
474 1307 652 1390 δισχιλίους
675 1308 838 1384 σταδίους.
884 1315 1030 1373 Postremi
1054 1321 1114 1374 tum
1140 1334 1231 1376 emm-

107 1417 188 1488 ciati,
212 1437 271 1494 quo
296 1417 333 1476 de
357 1417 523 1475 intervallis
539 1417 647 1491 agitur,
670 1418 776 1476 iterum
793 1418 880 1476 allam
898 1418 1040 1492 originem
1057 1437 1122 1477 esse
1145 1438 1231 1478 nemo

109 1539 168 1580 non
190 1519 282 1578 videt.

194 1623 256 1682 lam
279 1623 455 1699 priusquam
483 1622 520 1681 de
551 1622 639 1697 hujus
669 1622 776 1698 peripli
807 1628 929 1681 auctore
961 1624 1166 1699 quaestionem
1189 1624 1232 1684 in·

111 1725 279 1799 stltuamue,
316 1744 407 1802 porro
438 1725 468 1782 iu
500 1744 569 1783 orae
597 1725 761 1784 maritimae
793 1743 887 1801 usque
924 1725 962 1784 ad
993 1729 1233 1802 promunturium

113 1827 234 1887 Nerium
257 1827 433 1902 pertinentis
456 1826 655 1903 descriptione
680 1847 747 1886 oum
770 1829 910 1902 persequi
936 1846 1086 1886 conemur.
1132 1830 1235 1904 Pergit

109 1929 159 1990 ille
182 1931 211 1990 in

525 2069 547 2107 c.
566 2055 594 2124 3,
616 2049 677 2119 il,
701 2052 732 2109 δ.
751 2054 817 2109 150.

195 2171 296 2228 Verba
314 2187 408 2244 usque
430 2169 468 2226 ad
492 2163 548 2225 καὶ
571 2159 605 2224 αί
624 2158 731 2244 Ίίίχου
752 2162 887 2241 ἐκβολαὶ
910 2164 1053 2247 πλησίον
1069 2189 1142 2229 sana
1165 2177 1235 2230 sunt

105 2271 250 2347 justeque
279 2271 428 2347 periplum
460 2273 644 2330 continuant.
698 2273 743 2329 lle
773 2274 967 2347 sequentibus
1006 2277 1104 2331 eutem
1134 2274 1235 2332 verbis

40 2433 42 2437 Α
109 2391 207 2449 nsque
229 2373 269 2431 ad
293 2366 322 2430 εί
342 2389 412 2430 που
435 2370 590 2432 Λακκαῑα
606 2372 767 2445 (Meineke)
792 2375 893 2432 omitto
917 2376 1131 2450 quaestionem,
1153 2375 1235 2451 quod

109 2476 209 2534 omnia
231 2494 309 2552 quae
332 2477 388 2533 viri
412 2475 491 2534 docti
515 2476 553 2533 ad
576 2477 672 2534 locum
698 2477 777 2535 bunc
793 2477 1010 2536 emendandum
1035 2478 1235 2552 protulerunt,

108 2578 197 2637 nimis
212 2578 357 2637 incertam
374 2578 483 2636 habent
504 2578 600 2636 iidem.
645 2577 704 2637 Sed
720 2583 788 2636 utut
810 2596 858 2637 res
874 2597 906 2636 se
922 2579 1019 2648 babet,
1044 2580 1100 2637 hoc
1117 2581 1235 2639 elucere

109 2681 181 2739 mihi
192 2679 322 2756 videtur,
343 2680 412 2739 inde
428 2700 445 2738 a
461 2681 558 2739 verbis
575 2673 727 2738 ἐνταῦθα
744 2672 779 2736 δὲ
795 2674 851 2736 καὶ
868 2664 1041 2756 ιίναχδσεις
1057 2700 1074 2739 a
1090 2681 1236 2741 Strabone

110 2782 257 2842 nonnulla
279 2803 315 2842 ex
338 2783 398 2842 alio
428 2783 510 2842 fonte
539 2785 653 2859 periplo
682 2784 794 2841 inserta
824 2802 898 2842 esse.
942 2784 972 2841 Is
1002 2785 1078 2842 enim
1108 2783 1237 2843 dilucide

110 2902 290 2962 progressus
313 2894 359 2943 est
390 2903 485 2961 usque
515 2885 553 2943 ad
584 2886 660 2960 Tagi
689 2887 809 2961 ostium,
842 2886 892 2944 ubi
922 2886 1055 2944 subsistit
1086 2905 1156 2946 orae
1179 2905 1237 2944 ma·

112 2987 226 3046 ritimae
251 2988 422 3064 descriptio.
468 2990 571 3063 ltaque
600 3006 677 3064 quae
701 2989 730 3045 in
755 2988 872 3063 periplo
896 2996 1071 3064 sequuntur,
1094 2988 1131 3046 de
1154 2989 1237 3048 nulla

115 3087 173 3146 alia
194 3107 226 3148 re
252 3089 310 3147 dici
333 3095 466 3164 possunt,
497 3090 553 3148 nisi
577 3088 614 3148 de
637 3091 722 3165 Tago
745 3091 810 3165 ipso
834 3095 863 3148 et
893 3090 930 3149 de
952 3090 987 3148 iis
1011 3092 1139 3166 quaein
1162 3092 1238 3166 Tagi

111 3182 219 3268 anaplb
243 3197 412 3251 occurrunt.
456 3193 518 3250 lam
542 3192 578 3249 de
603 3193 645 3249 cie
668 3193 788 3267 quidem
812 3194 968 3268 astuariis,
999 3211 1076 3267 quae
1107 3195 1135 3251 in
1160 3194 1237 3270 Tagi

111 3293 183 3368 ripis
207 3311 273 3352 cum
298 3312 378 3352 mare
402 3295 496 3353 el'iluit
520 3294 604 3369 liunt,
634 3294 664 3351 in
696 3295 795 3352 vorbis
819 3295 1014 3370 sequentibus
1037 3296 1148 3370 agitur:
1172 3284 1236 3352 δύο

112 3378 142 3452 δ”
164 3382 338 3472 ἀναχέσεις
370 3389 406 3453 έν
439 3403 510 3465 τοῖς
532 3382 617 3473 ὑπερ
640 3389 803 3472 κειμένοις
834 3390 963 3465 πεδίοις
992 3439 1029 3455 ..
1075 3399 1119 3454 Ea
1146 3397 1238 3471 igitur

112 3499 280 3569 cecinerim·
294 3517 420 3574 quorum
451 3517 542 3557 uuum
567 3497 717 3574 quoddam
740 3500 841 3557 verbis
865 3499 973 3557 dubiae
995 3498 1063 3558 fidei
1087 3487 1237 3576 (πέςχου)

95 3587 98 3594 ¹
113 3603 282 3659 accuratius
297 3601 446 3676 definitur,
469 3601 587 3660 ubinam
604 3619 669 3659 esse
685 3619 861 3660 censeamus
876 3601 933 3660 nisi
954 3603 982 3659 in
1000 3619 1035 3660 ea
1050 3619 1120 3660 orae
1144 3607 1238 3677 parte,

114 3719 190 3776 quae
213 3708 260 3762 est
281 3709 350 3761 anto
365 3704 441 3778 'Pagi
465 3705 593 3762 ostium?
637 3722 716 3779 quae
739 3721 788 3762 res
812 3720 878 3761 cum
900 3702 1006 3779 peripli
1022 3703 1157 3762 ordinem
1172 3721 1239 3779 per-

112 3812 220 3881 vertat,
243 3807 386 3880 originem
409 3805 531 3864 aliunde
553 3809 679 3864 tractam
712 3805 852 3865 ostendit.
896 3806 1058 3881 Sequentia
1090 3805 1197 3865 deiude
1220 3825 1239 3864 a

112 3906 211 3966 verbis
234 3899 252 3965 ὁ
276 3901 312 3965 δὲ
339 3896 443 3984 Τοίχος
464 3903 520 3964 καὶ
543 3897 582 3966 τδ
605 3896 737 3976 πλάτος
762 3909 868 3966 iterum
892 3909 970 3967 iusta
993 3909 1100 3984 peripli
1123 3909 1238 3968 ratione

112 4008 282 4082 procedunt
303 4028 399 4086 usque
423 4009 460 4067 ad
477 4010 568 4068 verba
588 4004 641 4066 καὶ
659 3997 745 4086 ὑπὲρ
761 3994 823 4066 τὸν
840 4001 989 4087 Μδρανα
1006 3994 1035 4068 δ)
1052 4001 1101 4068 ἔτι
1115 3998 1238 4086 μακρο-

201 4192 222 4255 1)
240 4189 393 4258 Scheppig:
413 4189 455 4242 De
473 4190 622 4243 Posidonio
640 4191 707 4244 diss.
727 4190 786 4242 llul.
803 4196 866 4242 lacu
886 4207 912 4257 p.
925 4195 966 4242 lt.

1019 4297 1033 4344 2
