2858 4732
1218 234 1257 294 35

137 403 204 462 dam
228 403 384 480 scribendi,
418 405 446 463 in
482 424 571 480 quam
605 405 712 464 Strabo
746 406 801 464 hoc
835 407 914 467 tertii
949 407 1014 466 libri
1050 408 1114 466 loeo
1150 407 1259 466 incidit.

137 507 290 566 Timaeum
314 507 405 583 igitur
427 507 532 564 horum
557 507 715 567 verborum
738 513 889 569 arretorem
914 527 976 568 esse
1000 511 1071 568 mihi
1086 528 1259 586 persuasum

138 615 192 668 est.
236 610 312 669 Tum
338 610 451 668 Dianae
472 609 621 686 Ephesiae
645 611 743 669 cultus
765 612 794 669 in
819 613 864 670 his
888 612 1022 688 oppidis,
1052 631 1128 689 quae
1153 613 1260 671 aPho-

138 712 313 770 eaeensibus
348 711 466 769 condita
500 711 568 786 sint,
601 713 707 770 llorere
742 713 858 773 dicitur.
911 714 1007 773 Causa
1040 716 1200 791 exponitur
1232 716 1261 774 in

139 816 263 889 Ir',1‚4
286 813 403 874 0179.
448 814 563 872 Fabula
586 815 636 871 illa
660 814 696 873 de
720 815 892 874 Aristarcho
917 816 999 875 nullo
1016 817 1073 876 alio
1097 817 1164 875 loeo
1181 816 1260 893 :rpnd

139 921 277 976 auctores
309 921 427 976 veteres
458 921 606 975 narratur.
656 917 722 976 Alia
758 919 876 994 quidem
913 920 1156 979 narratiuncula:
1184 938 1262 995 quae

138 1019 235 1078 fert-nr
265 1019 301 1077 de
332 1020 463 1077 Massilia
493 1019 630 1095 condita,
660 1020 697 1079 ab
719 1021 880 1080 Aristotele
911 1020 1021 1080 tradita
1051 1026 1095 1080 est
1124 1022 1263 1088 (Mueller

138 1121 194 1197 tgr.
217 1121 283 1180 hist.
306 1123 345 1179 ll.
369 1126 428 1181 176
453 1121 595 1197 lgr·.239.
642 1122 699 1182 Sed
727 1124 812 1181 etiam
836 1124 990 1183 Timaeum
1026 1124 1113 1199 plura
1143 1123 1180 1183 de
1212 1124 1262 1182 illa

138 1243 171 1283 re
195 1224 369 1300 protulisse,
399 1224 498 1282 elucet
528 1225 666 1282 everbis
690 1225 790 1300 Steph.
822 1244 843 1283 s.
860 1246 885 1283 v.
910 1220 1087 1284 Moooolio
1110 1227 1262 1293 (Muelll.

139 1347 166 1404 p.
184 1331 255 1403 201,
282 1326 337 1402 tgr.
359 1322 420 1397 59).
473 1326 634 1403 Equidem,
672 1328 718 1385 eui
752 1327 825 1385 haee
856 1328 892 1386 de
924 1329 1097 1387 Aristarcho
1130 1329 1262 1388 narratio

139 1429 298 1489 tribuenda
321 1430 371 1505 sit,
400 1429 564 1488 diiudicare
588 1428 745 1505 nequeoll.
797 1431 830 1488 ln
862 1436 994 1489 extrema
1026 1430 1155 1508 deniqne
1177 1451 1263 1508 pars-

139 1532 255 1608 prapho
285 1531 478 1608 geographus
510 1538 612 1591 noster
642 1532 736 1591 resilit
766 1532 803 1590 ad
835 1551 882 1591 res
915 1532 952 1590 do
986 1533 1133 1609 Emporiis
1156 1552 1263 1593 memo-

138 1632 259 1693 randas.
304 1633 414 1692 Eadem
440 1635 501 1692 t'ere
530 1632 567 1691 de
598 1635 653 1691 hac
682 1635 753 1693 urbe
782 1636 905 1711 exponit
927 1635 1031 1693 Livius
1062 1633 1208 1707 (XXXIV.
1232 1632 1263 1705 9)

139 1737 273 1795 adiciens
295 1738 415 1795 tertium
440 1756 535 1812 genus
566 1730 729 1796 incolarum
755 1757 771 1794 a
795 1738 922 1797 Caesare
954 1738 982 1796 in
1009 1737 1148 1813 oppidum
1174 1739 1264 1797 intro·

140 1838 271 1898 ductum.
316 1839 472 1898 Nissenius
496 1838 616 1914 quidem
641 1839 670 1896 in
695 1839 783 1915 libro,
815 1858 902 1916 quem
932 1839 968 1897 de
992 1839 1067 1897 Livii
1091 1840 1264 1898 auctoribus

138 1941 266 2019 scripsit,
290 1946 391 2000 censet
407 1942 437 1999 in
454 1941 509 1999 hac
530 1945 618 2017 parte
635 1941 750 2000 Livium
768 1942 919 2001 Romanos
935 1941 1086 2000 annalium
1103 1942 1264 2018 scriptores

138 2048 273 2102 secutum
292 2061 365 2102 esse.
410 2043 508 2118 Atque
525 2043 663 2118 Ungerus
679 2041 795 2115 (Philol.
812 2045 862 2102 lll.
878 2044 983 2120 suppl,
1004 2042 1264 2121 part.ll.p.178)

138 2144 269 2223 probare
292 2150 419 2204 conatur
450 2164 484 2204 ea
513 2164 592 2221 qtrae
615 2145 694 2220 apud
719 2145 836 2204 Livium
865 2146 902 2204 de
927 2145 1074 2222 Emporiis
1098 2151 1265 2215 exstante

139 2246 267 2308 Claudio
291 2249 435 2324 originem
463 2247 591 2306 trahere.
636 2249 694 2305 lam
719 2248 743 2306 si
759 2248 834 2306 Livii
859 2254 888 2306 et
903 2248 1057 2306 Strabonis
1079 2247 1173 2306 verba
1189 2266 1266 2306 eom-

139 2349 325 2426 parabimus,
355 2349 404 2407 vix
429 2368 483 2408 nos
510 2350 616 2423 fugiet,
648 2368 682 2407 ca
709 2351 815 2424 purtim
847 2348 924 2407 inter
951 2367 984 2408 se
1011 2350 1157 2408 simillima
1187 2367 1264 2408 esse:

139 2446 273 2522 δίπολις
295 2436 324 2508 d'
346 2444 415 2510 ἐστὶ
436 2445 536 2528 τείχει(
559 2445 759 2530 διωρισμένη
790 2477 830 2496 =
854 2451 912 2510 duo
937 2451 1048 2527 oppida
1071 2457 1157 2510 erant
1180 2469 1264 2510 muro

28 2588 32 2596 ·
139 2553 247 2630 divisa,
268 2549 317 2631 τῷ
339 2543 451 2630 χρόνῳ
480 2538 509 2609 d'
532 2547 577 2624 εἰς
600 2538 705 2611 (αὐτὸ
727 2547 913 2630 uolirsepu
936 2551 1110 2633 συνῆλθον
1126 2580 1167 2599 =
1184 2573 1263 2613 nunc

139 2657 170 2716 in
196 2675 305 2733 corpus
328 2676 418 2715 unum
443 2657 567 2716 confusi.
613 2657 778 2714 Diversum
795 2675 866 2715 sane
889 2658 917 2714 in
941 2661 1031 2716 totam
1049 2657 1264 2733 expositionem

139 2760 263 2836 irrepsit
286 2760 382 2818 eade
406 2779 504 2831 eausa,
528 2762 599 2835 quia
616 2759 723 2818 Strabo
739 2778 816 2836 qrrae
833 2778 887 2817 sua
911 2761 972 2818 t'ere
988 2765 1085 2818 aetate
1109 2760 1177 2819 huic
1200 2759 1266 2818 urbi

141 2863 335 2938 accidissent,
364 2863 530 2938 neglegens
553 2863 730 2936 antiquioris
758 2861 912 2936 scriptoris
940 2861 1171 2937 descriptionem
1195 2862 1266 2920 satis

141 2966 286 3039 integram
310 2964 444 3040 protulit,
477 2965 579 3022 Livius
611 2964 684 3022 haee
716 2965 877 3040 respiciens
908 2982 984 3040 quae
1014 2963 1156 3022 mutanda
1186 2965 1265 3022 vide·

140 3067 251 3125 bantur
274 3066 407 3125 mutavit.
451 3066 535 3139 Quae
559 3085 625 3124 eum
649 3067 691 3124 ita
714 3068 781 3143 sint,
810 3085 898 3142 quem
922 3067 1011 3124 alium
1035 3067 1110 3125 Livii
1135 3070 1164 3125 et
1186 3065 1265 3127 Stra-

140 3170 227 3228 bonis
251 3187 436 3228 commnnem
460 3187 525 3228 esse
556 3173 707 3227 auctorem
733 3168 933 3227 existimemus
959 3186 1046 3244 quam
1070 3165 1266 3244 Polybium²?

140 3269 190 3330 Sic
211 3270 340 3330 vidimus
364 3290 399 3331 ea
426 3290 504 3347 quae
528 3270 563 3328 ad
589 3275 721 3330 extrema
744 3271 848 3346 peripli
878 3270 1059 3329 Artemidori
1086 3272 1178 3330 verba
1208 3263 1264 3327 καὶ

141 3357 226 3450 αὕτη
239 3357 268 3431 d'
283 3366 348 3431 ἐστὶ
365 3369 455 3432 πᾶσι(
472 3357 584 3450 ἀγαθή
609 3367 665 3430 καὶ
680 3358 854 3449 εὐλίμενος
872 3372 1034 3447 adduntur,
1058 3373 1266 3450 descriptionis

140 3476 246 3536 ordine
269 3477 437 3553 interrupto
461 3495 477 3536 e
500 3475 624 3535 diversis
648 3476 730 3535 libris
752 3480 894 3551 congesta
917 3493 989 3534 esse.

229 3674 249 3736 ¹)
267 3671 313 3738 lis,
333 3687 403 3740 quae
421 3672 559 3726 Dederich
579 3672 631 3726 Rh.
643 3673 712 3726 Mus.
725 3679 748 3726 4.
767 3689 794 3740 p.
810 3677 857 3726 129
867 3673 895 3726 ff.
915 3672 949 3725 de
963 3667 1125 3724 Aristorehe
1145 3671 1267 3741 disserit,

141 3758 210 3811 haec
228 3772 273 3811 res
291 3773 346 3810 non
365 3758 528 3811 illustratur.

216 3824 249 3912 42)
268 3843 344 3908 Qnae
368 3843 508 3897 sententia
526 3858 583 3896 non
602 3850 710 3912 pugnat
727 3859 789 3896 eum
809 3841 930 3910 Ungero,
952 3843 1001 3910 qui
1020 3841 1165 3894 Claudium
1184 3841 1266 3910 Poly·

140 3929 189 3983 bio
208 3944 288 3981 usum
306 3943 369 3982 esse
388 3935 509 3982 censeat.
