2858 4732
1134 160 1278 243 'aa

156 354 288 429 tropaeis
303 352 488 413 Obulconem
504 353 686 412 tendentem:
710 353 747 412 ad
771 373 858 430 qutun
880 373 942 414 rem
958 359 1032 431 quot
1047 355 1153 415 diebus
1169 355 1278 415 Caesar

157 458 250 514 Roma
272 456 424 532 profectus
452 454 635 514 Obulconem
659 456 785 531 venerit,
814 474 937 532 prorsus
970 477 1029 517 non
1059 459 1196 531 pertinet.
1243 456 1278 515 Id

157 560 256 633 potius
279 563 487 635 exspectamus
510 559 706 634 pronuntiari,
729 564 807 643 quot
825 558 929 618 dicbus
951 561 1001 617 via
1024 578 1101 635 quae
1126 559 1277 634 descripta

157 667 215 729 est,
252 662 386 736 percurri
418 661 520 736 possit.
571 660 709 718 Attamen
741 659 818 718 hanc
848 680 910 736 par.
941 663 1025 720 nobis
1055 661 1277 737 perlegentibus

157 761 242 820 facile
266 763 455 821 subnascitur
478 761 616 837 suspicio,
638 762 831 821 certissimam
854 763 1005 839 quandam
1030 765 1174 822 rationem
1199 764 1278 822 inter

156 865 244 922 huius
266 867 331 922 viae
356 865 584 941 descriptionem
608 870 638 922 et
661 866 738 924 inter
762 866 855 924 verba
876 865 914 925 de
931 866 1059 926 Caesare
1082 865 1162 924 facta
1186 866 1276 925 inter·

155 966 270 1026 cedere.
315 969 417 1043 Usque
433 968 509 1026 enim
524 966 640 1044 eodem,
664 986 722 1026 non
747 968 826 1026 ultra
850 969 923 1026 haec
946 968 994 1026 via
1009 966 1193 1044 depingitur,
1216 987 1275 1044 quo

156 1075 185 1126 et
215 1070 278 1145 ipse
302 1070 412 1129 Caesar
442 1069 595 1145 profectus
626 1073 678 1127 est.
723 1069 784 1128 Iam
814 1071 880 1128 luce
911 1070 1021 1128 clarius
1044 1073 1103 1146 est,
1134 1077 1201 1129 utra
1231 1088 1278 1129 res

155 1173 251 1231 utrius
279 1191 379 1231 ansam
411 1171 534 1230 dederit.
578 1173 647 1230 Non
678 1171 762 1231 addit
784 1169 891 1231 Strabo
925 1176 992 1248 post
1020 1173 1086 1230 viae
1116 1174 1278 1248 aPompci

154 1274 285 1349 tropaeis
320 1291 416 1350 usque
455 1273 636 1334 Obuleonem
667 1275 845 1350 pertinentis
882 1272 1113 1349 descriptionem
1145 1273 1279 1350 fortuito,

153 1380 226 1450 quot
255 1376 359 1434 diebus
390 1376 500 1436 Caesar
523 1379 616 1435 Roma
639 1374 822 1435 Obulennem
852 1377 1030 1452 pervenerit.
1078 1377 1102 1434 Ε
1126 1376 1277 1435 contrario

153 1478 290 1537 Caesaris
312 1480 369 1537 iter
392 1481 484 1538 Roma
507 1479 689 1539 Obulconem
714 1478 841 1538 tendens
869 1479 1015 1555 principio
1040 1496 1113 1536 ansa
1137 1482 1216 1556 erat,
1247 1483 1279 1538 ut

151 1581 272 1640 illaria
296 1581 525 1641 describeretur.
572 1583 672 1658 Atque
694 1582 744 1656 ibi,
767 1582 845 1641 unde
862 1581 969 1641 Strabo
992 1600 1047 1640 sua
1070 1583 1184 1658 petivit,
1210 1601 1277 1641 con-

153 1688 325 1743 sentaneum
368 1689 413 1742 est
451 1690 544 1743 totum
575 1684 631 1743 iter
661 1683 810 1761 depictum
843 1683 944 1743 tuisse.
1002 1683 1109 1743 Strabo
1140 1684 1278 1743 nimirum

153 1805 216 1844 eam
245 1791 360 1845 tantum
384 1792 498 1862 partem
522 1787 667 1856 adtribuit,
698 1805 775 1861 quae
805 1787 834 1844 in
859 1786 1004 1861 Hispania
1026 1791 1174 1845 versatur.
1217 1787 1277 1845 lam

153 1908 219 1947 cum
244 1890 387 1947 hocloco
411 1878 443 1944 oi
468 1895 669 1966 συγγραφεῖς
692 1889 862 1964 trucidantur,
885 1890 979 1965 primo
1002 1889 1107 1948 obtutu
1124 1894 1278 1965 exspecta-

153 2009 230 2065 mus,
253 1991 332 2066 apud
357 1992 532 2067 scriptorem
557 1991 721 2068 quendam,
751 1991 801 2066 qui
825 2008 872 2050 res
896 2009 913 2047 a
937 1990 1064 2050 Caesare
1087 1996 1187 2068 gestas
1211 2010 1277 2066 pro-

152 2093 239 2163 didit,
273 2096 349 2151 liano
373 2093 603 2170 descriptionem
627 2093 729 2153 tuisse.
774 2092 1031 2152 Commemoratur
1054 2093 1126 2152 illud
1152 2094 1207 2151 iter
1230 2093 1277 2152 bis

151 2194 235 2254 locis:
259 2196 386 2271 Appian.
403 2196 439 2254 ll.
457 2199 515 2256 103
532 2196 652 2256 Sueten.
670 2195 753 2255 Caes.
766 2213 790 2253 c.
804 2197 842 2254 56
859 2193 944 2253 Oros.
961 2195 1011 2254 Vl.
1029 2199 1066 2256 16
1091 2196 1146 2253 1)ἰο
1168 2199 1218 2266 43,
1229 2199 1277 2256 32.

48 2309 54 2318 ‘
152 2299 184 2356 Iu
209 2298 284 2355 libro
308 2298 344 2355 de
368 2297 445 2356 bello
469 2298 658 2374 Hispaniensi
683 2298 796 2372 scripto
820 2296 856 2356 de
882 2297 937 2355 hac
960 2316 992 2356 re
1015 2298 1087 2356 nibil
1110 2298 1277 2356 invenimus

151 2418 249 2475 neque
272 2401 296 2458 si
319 2400 410 2459 libros
435 2400 615 2475 deperditos,
640 2401 747 2476 quibus
763 2400 899 2459 Caesaris
922 2419 971 2459 res
994 2405 1095 2475 gestae
1119 2401 1277 2458 memoriae

152 2500 278 2560 traditae
303 2507 385 2572 sunt,
415 2502 686 2576 circumspicimus,
717 2502 881 2579 quidquam
906 2503 1084 2579 proficimus,
1116 2520 1181 2560 cum
1206 2502 1275 2560 nihil

151 2606 224 2661 certi
242 2604 382 2679 cognosci
400 2605 500 2680 possit.
546 2606 610 2663 Hoc
627 2610 741 2665 tantum
766 2609 888 2664 nonest
911 2604 1042 2677 dubium,
1065 2607 1136 2679 quin
1157 2606 1278 2663 Asinius

132 2689 261 2781 Pollio,
294 2726 379 2782 quem
410 2709 504 2781 primo
537 2708 602 2765 loco
632 2712 769 2784 spectare
802 2705 938 2782 oportet,
972 2706 1037 2763 viae
1068 2705 1277 2782 descriptionis

151 2815 255 2868 arrctor
290 2829 347 2867 non
382 2811 428 2866 sit.
472 2811 548 2868 Nam
584 2811 652 2868 cium
692 2811 803 2870 Caesar
836 2809 1036 2885 Pompeianos
1069 2809 1098 2866 in
1133 2809 1277 2884 Hispania

150 2912 305 2987 opprimit,
335 2914 449 2988 ipsein
483 2912 611 2971 Africum
643 2919 833 2971 transvectus
856 2917 901 2970 est
936 2909 1076 2988 (Appian.
1106 2912 1197 2970 11.45
1222 2911 1254 2968 cf
1269 2955 1276 2969 .

150 3015 265 3072 Baiiteu
290 3014 371 3072 diss:
410 3016 453 3073 He
477 3014 559 3072 Asin.
583 3015 707 3072 Pullion.
731 3014 863 3089 Giitting.
888 3017 970 3074 1874
993 3034 1021 3090 p.
1038 3015 1088 3081 4.).
1143 3013 1181 3070 lis
1204 3031 1277 3071 vero

151 3116 231 3184 loeis,
267 3118 374 3192 quibus
399 3117 435 3175 dc
459 3117 595 3177 Caesaris
629 3119 784 3176 celerrimo
820 3118 925 3175 itinere
955 3117 1047 3175 verba
1081 3116 1164 3188 fiunt,
1196 3115 1277 3174 nullo

150 3219 238 3277 modo
262 3220 327 3294 ipsa
359 3220 407 3277 via
430 3219 613 3294 depingitur.
658 3219 703 3278 Ae
733 3238 770 3278 ne
801 3222 1033 3278 consentaneum
1072 3217 1192 3294 quidem
1224 3223 1277 3290 est,

150 3322 208 3379 boe
230 3340 248 3379 a
271 3320 466 3396 scriptoribus
498 3322 606 3380 factum
634 3339 706 3379 osse.
752 3320 831 3394 Quid
862 3322 938 3380 enim
972 3321 1026 3402 sibi
1057 3320 1149 3378 vellet
1183 3320 1278 3378 otiosa

151 3425 264 3481 itineris
295 3423 456 3500 descriptio
493 3424 671 3499 interposita
703 3423 780 3482 inter
813 3441 861 3483 res
891 3441 1005 3482 summa
1035 3422 1225 3482 festinatione
1248 3427 1278 3481 et

151 3526 341 3583 contentione
373 3527 494 3601 gestas?
549 3527 609 3582 lam
646 3544 711 3584 enm
748 3532 844 3585 tamen
878 3527 1070 3585 conexionem
1101 3525 1276 3583 artissimam

151 3628 338 3686 intercedere
364 3633 503 3704 oporteat
525 3629 602 3686 inter
625 3627 778 3686 Strabonis
801 3629 865 3686 viae
890 3627 1117 3703 descriptionem
1141 3632 1170 3684 et
1186 3627 1277 3685 verba

151 3730 188 3787 de
206 3730 342 3788 Caesaris
357 3731 462 3789 itinere
478 3729 557 3788 facta
574 3729 644 3806 quid
663 3731 775 3788 restat?
806 3731 979 3805 Spectemus
991 3727 1113 3787 Sueten.
1126 3728 1210 3788 Caes.
1221 3733 1277 3789 56:

150 3833 299 3907 „Hetiquit
322 3828 457 3904 (Caesar)
473 3832 510 3891 de
526 3832 673 3906 Analogia
695 3831 770 3891 duos
786 3831 876 3891 libros
899 3835 928 3890 et
942 3831 1137 3890 Anticatones
1152 3831 1274 3890 totidem

151 3954 185 3992 ae
210 3938 366 4009 praeterea
396 3953 502 4009 poema
531 3933 610 4009 quod
643 3934 814 3993 inscribitur
845 3934 914 3993 Iter.
968 3933 1103 4006 Quorum
1132 3932 1274 3991 librorum

152 4039 263 4112 primos
297 4039 325 4094 in
359 4038 486 4095 transitu
518 4035 652 4112 Alpium,
686 4055 753 4095 cum
788 4055 824 4094 ex
848 4036 986 4094 citeriore
1018 4035 1116 4095 Gallia
1146 4052 1274 4093 conven-

151 4142 230 4198 tibus
268 4140 398 4216 peractis
434 4139 471 4197 ad
510 4140 673 4198 exercitum
713 4138 836 4198 rediret:
873 4144 1033 4215 sequentes
1067 4138 1121 4197 snb
1158 4141 1275 4211 tempus
