2858 4732
152 218 188 275 12

148 389 257 450 debore
290 395 522 451 consentaneum
546 397 600 450 est.
655 392 732 451 Tum
760 393 872 451 incolas
901 393 971 450 dicit
1001 393 1144 452 nominari
1171 391 1272 470 Τουρ-

150 482 316 570 britannie
347 498 377 552 et
403 483 649 569 lbvpdoritocg,
681 513 755 570 qnos
783 512 848 554 esse
876 494 995 554 cosdem
1017 495 1067 553 alii
1098 493 1200 554 dicant
1222 495 1271 554 alii

148 600 271 672 negent:
304 597 331 655 in
358 597 466 672 quibus
496 596 584 656 etiam
614 596 771 673 Polybium
799 615 874 656 esse.
918 595 978 656 Suo
1005 602 1104 656 autem
1137 602 1271 674 tempore

148 699 268 757 omnino
291 698 405 757 nullum
429 698 585 759 discrimen
609 717 764 775 apparere.
811 699 905 758 Valde
928 699 1089 759 dolendum
1113 704 1167 777 est,
1189 699 1271 776 quod

148 819 192 876 ea,
224 818 302 876 quae
336 801 416 876 apud
449 800 631 875 Stephanum
655 819 678 860 s.
699 820 726 860 v.
762 795 990 880 'lbvpdpruvia
1023 821 1059 860 ex
1089 802 1271 862 Artemidori

47 939 50 944 -
148 901 265 979 periplo
288 901 326 960 de
349 903 404 960 bac
426 921 459 961 re
481 904 656 980 afferuntur,
679 904 765 961 nimis
787 904 925 978 ambigua
948 909 1027 981 sunt,
1050 922 1137 980 quam
1164 909 1195 963 nt
1216 922 1271 979 per

102 1045 104 1050 -
147 1024 180 1064 sc
203 1009 360 1082 appareat,
389 1010 488 1065 utrum
511 1005 716 1065 Artemidorus
737 1007 865 1082 populos
888 1007 955 1066 illos
978 1006 1147 1066 distinxerit
1169 1008 1272 1066 necne.

148 1107 299 1184 Siquidem
329 1106 512 1185 Stephanum
543 1126 565 1167 s.
588 1127 615 1166 v.
627 1092 819 1186 Άψυρτίδες
840 1113 1021 1183 spectamus:
1049 1101 1081 1166 oi
1110 1105 1272 1187 νησιῶται

154 1193 322 1287 ,deoperte
344 1203 400 1267 καὶ
413 1195 582 1289 {devoted
612 1210 739 1269 fortasse
763 1229 800 1270 ex
828 1211 883 1270 hoc
906 1210 1048 1287 Stephani
1073 1229 1127 1270 usu
1151 1210 1270 1270 dicendi

148 1312 247 1388 colligi
276 1317 387 1388 potest,
417 1314 505 1371 etiam
536 1314 593 1371 hoc
620 1312 686 1372 loeo
710 1312 820 1371 formas
843 1313 930 1372 modo
958 1313 1108 1372 nominum
1137 1312 1270 1372 diverses

149 1415 358 1489 intelligendas
382 1433 455 1474 csse.
500 1416 575 1474 'lum
600 1419 689 1484 certe,
718 1415 742 1474 si
765 1433 814 1474 res
836 1415 879 1474 ita
901 1419 955 1490 est,
984 1415 1128 1487 videmus,
1152 1415 1188 1474 ad
1215 1416 1270 1474 Ar-

148 1515 325 1576 temidorum
349 1523 487 1592 spectare
511 1518 584 1577 haee
603 1518 710 1577 verba:
734 1509 765 1575 oi
787 1511 849 1594 μὲν
870 1503 950 1587 τούς
973 1502 1095 1587 αὐτοὺς
1117 1512 1271 1595 νομίζον-

148 1636 210 1688 τες.
256 1618 314 1678 Sed
337 1618 434 1679 fateor
463 1638 518 1696 pro
543 1625 631 1688 ,certo
663 1619 700 1679 de
723 1621 779 1679 liae
804 1640 836 1678 re
866 1621 998 1680 iudicare
1021 1639 1067 1679 me
1091 1640 1150 1680 non
1174 1638 1269 1697 posse.

148 1723 269 1797 Utique,
291 1720 382 1781 adicit
404 1719 520 1797 Strabo,
543 1720 743 1781 diversitatem
754 1720 775 1793 ¹)
799 1740 852 1780 suo
876 1728 1010 1798 tempore
1033 1740 1092 1781 non
1109 1737 1269 1798 apparere:

149 1823 229 1898 quod
263 1823 300 1882 ab
338 1822 504 1883 hominibus
538 1823 576 1882 ibi
611 1825 735 1888 versetis
768 1824 949 1900 comperisse
983 1824 1111 1883 videtur.
1156 1826 1190 1883 ln
1226 1843 1270 1884 se·

149 1924 309 2001 quentibus
331 1925 389 1983 iam
412 1926 511 1985 verbis
530 1926 734 1985 Turdulorum
759 1927 885 1987 eruditio
909 1932 999 2003 atque
1023 1926 1169 2004 doctrina,
1191 1946 1270 2004 quae

149 2032 265 2087 ceteros
304 2029 466 2104 Hispaniae
503 2029 618 2087 incolas
661 2030 750 2105 longe
783 2033 915 2105 superet,
957 2029 1095 2089 laudibus
1136 2029 1270 2088 effertur.

150 2132 233 2189 llaec
255 2148 273 2187 a
295 2130 421 2205 Polybio
442 2129 618 2190 Strabonem
643 2129 781 2191 didicisse
805 2131 873 2189 milri
890 2130 1034 2207 probatur
1058 2131 1122 2190 loco
1146 2131 1196 2206 qui
1221 2150 1269 2189 ex·

149 2237 208 2292 stat
230 2251 254 2291 c.
270 2237 297 2302 2,
313 2237 350 2293 15
375 2233 405 2292 O.
423 2237 480 2293 151
511 2230 553 2308 Τῇ
578 2226 613 2290 db
636 2230 695 2311 τῆς
715 2223 825 2311 χώρας
841 2219 1035 2314 ιῦδαιμονίᾳ
1057 2228 1113 2290 καὶ
1134 2223 1174 2291 τὸ
1196 2219 1270 2311 ἥμι-

148 2350 210 2412 pov
241 2329 296 2392 καὶ
319 2320 358 2392 τὸ
380 2322 559 2393 πολιτικὸν
582 2326 859 2414 συνηκολούθησε
882 2343 953 2406 τοῖς
979 2329 1223 2414 Ὶῢυρδητανοῑς
1240 2381 1269 2393 ..

149 2425 193 2507 ὡς
216 2421 244 2495 d'
269 2429 377 2515 alopas
402 2427 571 2509 Πολύβιος
595 2484 600 2495 ,
626 2485 631 2495 ,
678 2441 758 2498 Beue
782 2439 858 2498 eninr
876 2440 1024 2509 convenit,
1047 2438 1128 2514 quod
1152 2439 1270 2514 liuponi

149 2541 238 2599 vitam
262 2540 379 2599 civilem
403 2559 492 2616 agere
516 2540 665 2615 dicuntur,
689 2530 786 2618 vopei
810 2531 963 2618 dpparpor
986 2545 1016 2600 et
1035 2530 1271 2618 συγγράμματα

149 2640 206 2721 τῆς
228 2640 374 2713 παλαιᾶς
395 2633 521 2723 μνήμης·
543 2644 723 2703 tribuuntur.
767 2643 825 2703 Sed
849 2649 952 2720 aperte
976 2645 1063 2702 ctiam
1080 2644 1270 2703 Artemidoro
1341 2677 1343 2683 ·

149 2747 177 2804 li.
192 2747 208 2804 l.
232 2764 303 2805 usus
325 2752 382 2821 est,
414 2765 500 2822 quem
524 2746 659 2806 videmus
686 2765 732 2823 ap.
755 2747 855 2822 Stepli.
880 2765 901 2804 s.
918 2766 944 2803 v.
968 2731 1096 2823 Ἰβηρίαι
1120 2745 1156 2806 de
1172 2747 1271 2807 litera-

148 2854 233 2923 turae
256 2867 311 2907 usu
340 2849 419 2923 apud
443 2849 606 2924 Hispaniae
636 2849 748 2907 incolas
771 2850 846 2907 baec
878 2848 1027 2925 proferre:
1060 2846 1271 2925 γραμματικῇ

153 2943 187 3007 db
216 2946 362 3027 χρῶνται
384 2948 425 3026 τῇ
451 2945 523 3008 τῶν
546 2936 682 3008 Ἰταλῶν
711 2949 741 3008 oi
772 2937 863 3027 παρὰ
895 2936 1069 3007 θάλατταν
1099 2942 1273 3020 circuietur

149 3049 219 3111 τῶν
242 3040 389 3130 ’diducam
413 3054 519 3129 quibus
542 3053 641 3112 vorbis
660 3053 843 3128 respondent
865 3072 909 3129 ea,
932 3072 1009 3129 quae
1033 3052 1174 3128 deinceps
1189 3053 1270 3128 apud

149 3156 324 3215 Strabonem
348 3160 527 3231 sequuntur:
562 3149 619 3212 καὶ
642 3151 674 3212 oi
704 3142 803 3213 ἄλλοι
821 3143 940 3233 Ἴβηρες
961 3150 1106 3232 χρῶνται
1128 3171 1272 3232 γραμμα-

150 3252 233 3332 τικῇ,
257 3243 300 3315 ori
322 3253 379 3338 μιᾷ
403 3242 432 3316 d'
455 3251 527 3336 ἰδέᾳ
544 3271 549 3282 ·
567 3241 645 3316 οὐδὲ
668 3247 729 3336 γὰρ
751 3247 885 3334 γλώττῃ
906 3255 973 3338 μιᾷ.

235 3380 268 3437 Ιιι
299 3382 432 3436 extrema
463 3378 591 3453 donique
621 3382 706 3454 parte
729 3376 756 3436 li.
779 3396 842 3454 por.
874 3376 948 3436 lines
970 3376 1174 3436 Turdetaniac
1197 3376 1272 3437 desi-

148 3485 293 3555 gnantur:
317 3475 417 3538 τείνει
440 3465 469 3537 ‹l'
484 3467 504 3558 ἡ
517 3468 610 3556 χώρα
632 3477 715 3537 κτλ.;
739 3498 816 3557 quac
839 3481 930 3538 verba
953 3499 1007 3555 per
1023 3496 1054 3537 se
1072 3479 1179 3538 nullius
1203 3486 1273 3540 srrnt

148 3585 247 3660 pretii,
280 3603 345 3642 oum
370 3583 432 3642 ιιι.
454 3583 647 3660 geographus
670 3601 746 3659 quac
775 3582 853 3659 apud
878 3587 1030 3641 auctorem
1062 3586 1191 3657 exstent,
1222 3602 1272 3642 cx-

148 3693 259 3763 cerpat,
283 3686 391 3746 deiude
416 3705 439 3745 c.
457 3691 526 3763 2,1,
549 3687 580 3746 C.
600 3691 657 3746 141
683 3704 718 3745 ea
741 3687 857 3760 integra
884 3684 1033 3760 proferat:
1065 3684 1146 3760 quod
1177 3686 1272 3760 primo

149 3788 254 3848 obtutu
278 3788 468 3866 intellegitur,
492 3807 557 3849 cum
581 3788 674 3847 verba
697 3788 745 3846 lric
767 3791 796 3847 et
811 3787 869 3847 illic
884 3789 997 3864 scripta
1020 3802 1186 3864 comparas:
1209 3782 1272 3846 τεὶ-

237 4025 256 4085 ¹)
275 4021 361 4074 Brevi
379 4036 591 4074 commemorare
604 4019 630 4074 h.
643 4021 660 4075 l.
679 4019 745 4074 mihi
764 4019 846 4075 liceat
858 4018 1010 4088 Sieglinum
1023 4018 1104 4086 (diss.
1117 4019 1193 4087 Lips.
1209 4023 1272 4074 1878

150 4124 177 4176 p.
193 4107 237 4176 25)
255 4107 283 4159 in
302 4105 373 4160 libro
392 4119 473 4174 quern
493 4105 529 4159 de
541 4111 664 4175 tempore
676 4102 794 4155 Savum!
811 4102 1031 4159 excaecationis
1047 4102 1169 4173 scripsit,
1181 4102 1272 4158 minus

151 4199 225 4250 recte
245 4192 336 4248 dicere
357 4233 362 4246 .
382 4233 388 4245 .
407 4189 594 4247 Temenou-
985 4202 1028 4245 ἰ
1044 4187 1127 4245 lbteu
1145 4188 1273 4245 Turduli.
