2858 4732
1147 194 1269 274 '21

148 388 323 445 maritimam
365 407 458 463 usque
490 387 528 445 ad
560 389 674 462 'legum
705 387 879 463 descripsit,
918 389 1089 447 interiorum
1120 389 1277 464 regionum

150 490 281 566 populos
304 490 387 549 nullo
411 491 490 549 facto
521 468 647 549 transitu
669 489 799 549 breviter
821 491 932 567 tangit,
963 496 1085 566 tumque
1110 491 1216 549 iterum
1240 491 1276 548 ad

150 592 227 668 'Pagi
252 593 358 650 ostium
384 592 517 651 resiliens
547 592 720 664 Lusitaniae
747 592 978 668 descriptionem
1010 593 1172 669 subJungit.
1216 595 1277 652 lam

149 714 204 754 nos
227 694 364 771 quidem,
387 713 454 753 cum
477 695 504 753 in
530 693 685 754 Strabonis
717 713 786 754 orae
818 693 980 753 maritimae
1005 693 1205 771 descriptione
1229 714 1278 771 pe·

149 798 257 873 riplum
293 796 466 857 continuum
498 797 712 867 invenerimus,
742 795 828 855 facilc
860 797 1065 874 intelligimus,
1101 796 1174 874 quid
1205 798 1279 856 haec

148 899 242 958 verba
272 899 324 958 sibi
352 899 444 957 velint
468 904 497 958 et
522 898 600 958 unde
624 903 690 958 orta
712 899 778 957 sint.
823 900 862 959 Ut
883 898 958 958 enim
986 900 1050 976 jam
1081 898 1218 971 diximus,
1248 900 1277 957 in

152 1001 270 1078 periplo
293 1005 447 1078 posterae
471 1001 701 1077 descriptionem
725 1000 828 1061 eodem
853 1000 969 1060 dicendi
994 1019 1104 1077 genere
1118 1005 1157 1061 et
1180 1002 1279 1061 colore

150 1108 256 1163 secuta
272 1117 337 1163 esse
354 1097 478 1162 videtur
493 1102 678 1162 enumeratio
694 1104 884 1180 populorum,
901 1104 952 1181 qui
969 1105 997 1162 in
1014 1104 1072 1162 hoc
1087 1103 1124 1162 ad
1138 1122 1277 1181 occasum

149 1210 296 1282 vergente
320 1208 413 1266 latere
436 1206 599 1283 Hispaniae
630 1205 849 1266 mediterranea
880 1209 984 1265 tenent
1011 1205 1174 1266 etidcirco
1198 1211 1279 1266 recte

153 1309 297 1368 dieuntur
321 1300 352 1366 ci
375 1302 608 1386 ὑπερκείμενοι
623 1305 695 1366 τῶν
717 1301 910 1386 λεχθέντων
923 1305 1044 1385 μερῶν.
1089 1309 1189 1385 Atque
1213 1310 1279 1368 lucc

153 1411 265 1470 clarius
289 1416 346 1480 est,
377 1416 446 1488 post
467 1410 640 1470 Lusitaniae
663 1410 892 1486 descriptionem
918 1410 1034 1470 demum
1058 1415 1127 1486 apte
1152 1410 1205 1470 lros
1228 1431 1278 1487 po-

150 1512 240 1589 pulos
263 1514 444 1590 enumerari,
464 1514 534 1589 quia
551 1519 612 1571 tum
629 1518 698 1589 post
720 1514 811 1572 totius
834 1513 957 1588 aOalpe
981 1531 1076 1589 usqne
1099 1512 1138 1571 ad
1153 1513 1277 1573 Nerium

151 1617 389 1692 promontorium
415 1616 590 1691 pertinentis
613 1634 684 1674 orae
701 1615 930 1691 descriptionem
951 1616 1021 1692 jure
1039 1634 1104 1688 ,uno
1121 1620 1224 1675 tenore
1241 1615 1278 1675 de

149 1718 287 1778 omnibus
311 1719 432 1794 populis
448 1718 591 1777 interiora
614 1719 785 1777 tenentibus
806 1717 922 1777 dieitur.
967 1717 1024 1776 Sed
1047 1719 1071 1776 si
1095 1718 1165 1792 quid
1183 1717 1280 1795 video,

145 1822 210 1898 jam
235 1821 339 1896 peripli
362 1825 468 1879 auctor
493 1821 608 1897 justum
632 1819 826 1897 expositionis
856 1819 989 1879 ordinem
1013 1820 1160 1896 pervertit
1182 1839 1280 1896 uequc

148 1927 263 1982 temere
280 1922 336 1982 hoc
353 1922 431 1981 fecit.
477 1925 609 1998 Apparet
625 1924 701 1982 enim
724 1925 753 1981 in
770 1923 943 1981 Lusitaniae
960 1922 1061 1981 linium
1078 1921 1280 1998 descriptione

149 2043 290 2102 magnam
314 2030 427 2102 partem
451 2025 556 2084 lrorum
573 2026 751 2102 populorum
776 2025 1009 2084 enumerandam
1034 2043 1100 2084 esse
1123 2029 1153 2085 et
1173 2044 1280 2085 revera

150 2128 320 2188 enumerari
344 2125 382 2199 (e.
399 2132 425 2203 3,
439 2133 467 2203 3,
491 2127 521 2187 O.
540 2126 623 2199 152).
666 2129 728 2187 Iam
745 2129 887 2188 sentimus
903 2128 993 2187 valde
1015 2128 1188 2205 languidum
1206 2147 1280 2211 esse,

150 2235 313 2308 postquam
337 2230 366 2288 lri
394 2231 498 2306 populi
525 2230 554 2289 in
578 2231 735 2289 Lusitania
758 2230 987 2290 determinanda
1009 2230 1190 2290 secundario
1214 2231 1280 2290 loeo

148 2335 212 2411 jam
237 2333 404 2392 enumerati
426 2333 493 2409 sint,
524 2339 584 2391 tum
610 2332 727 2392 demum
752 2332 789 2391 de
812 2334 848 2391 iis
871 2333 943 2409 ipsis
966 2332 1065 2393 denuo
1089 2339 1118 2393 et
1139 2334 1280 2409 primario

150 2438 216 2496 loco
245 2436 338 2494 verba
369 2434 477 2494 facere.
523 2436 637 2494 Deinde
667 2454 740 2495 vero
763 2435 918 2495 recordari
940 2440 1074 2513 oportet,
1104 2435 1279 2496 Strabonem

152 2540 197 2599 bis
210 2539 412 2614 descriptione
423 2538 526 2598 eodem
543 2544 686 2613 provecta
703 2539 756 2597 hos
772 2540 903 2616 populos
915 2523 1281 2599 mediterraneaterreirtes

150 2659 336 2701 enumerare.
380 2640 515 2699 Vidimus
539 2642 614 2700 enim
645 2641 733 2700 etiam
757 2641 787 2699 in
811 2661 834 2700 e.
854 2646 912 2713 1,c
945 2643 1057 2700 ineunt.
1081 2642 1112 2702 G.
1130 2645 1199 2718 139,
1231 2642 1281 2700 ubi

150 2743 256 2803 eadem
280 2742 343 2802 fere
366 2744 448 2820 regio
472 2741 645 2819 depingitur
668 2748 762 2820 atque
786 2744 842 2802 hoc
871 2744 937 2802 loeo
961 2742 997 2815 (c.
1011 2748 1038 2815 3,
1050 2742 1080 2815 1)
1105 2745 1281 2803 mentionem

150 2845 215 2905 fieri
232 2846 365 2920 gentium
381 2846 573 2904 interiorum:
609 2837 646 2903 ἐν
662 2838 698 2904 di
713 2851 784 2915 τοῖς
800 2832 871 2903 dvm
885 2839 996 2923 μέρεσι
1012 2843 1084 2903 κτλ.Δ
1126 2845 1281 2918 Quaenam

151 2950 189 3008 sit
212 2948 382 3007 differentia
398 2949 476 3008 inter
501 2949 554 3008 hos
576 2949 667 3023 locos,
685 2949 748 3026 jam
773 2949 1051 3008 demonstravimus.
1095 2949 1159 3008 Illic
1174 2946 1281 3008 Strabo

153 3069 233 3110 nova
264 3055 353 3127 atque
382 3052 504 3127 propria
532 3053 647 3111 ratione
680 3050 909 3127 descriptionem
942 3052 1104 3110 instituens
1132 3051 1283 3126 excerpsit

152 3157 270 3212 tranium
294 3172 421 3230 eaquae
445 3155 481 3213 de
497 3153 689 3213 interioribus
714 3155 832 3231 populis
848 3155 877 3213 in
893 3154 1009 3231 periplo
1025 3154 1156 3230 fuerunt,
1181 3157 1281 3213 terrae

155 3257 241 3331 Tago
265 3262 294 3315 et
316 3257 382 3315 Ana
405 3258 590 3333 interceptae
617 3257 762 3316 rationem
787 3257 909 3316 habens.
953 3258 1009 3315 Hic
1033 3256 1142 3333 peripli
1166 3257 1282 3315 institu-

152 3360 263 3417 tionem
293 3363 399 3418 tenens
431 3377 497 3418 cum
530 3359 633 3418 eodem
664 3360 842 3435 pervenerit,
872 3361 979 3418 iterum
1013 3360 1117 3418 haram
1150 3359 1281 3435 gentium

153 3462 408 3520 enumerationem
425 3481 550 3537 eamque
566 3461 732 3536 pleniorem
749 3461 880 3537 profert:
904 3462 986 3535 Quas
1007 3479 1055 3520 res
1071 3461 1141 3519 mihi
1156 3479 1282 3538 perpen-

152 3563 235 3622 denti
257 3563 420 3640 probatur,
450 3563 556 3640 peripli
584 3570 737 3623 auctorem
771 3565 848 3623 hane
874 3565 1005 3641 gentium
1030 3564 1282 3623 enumerationem

153 3665 257 3725 codem
283 3665 495 3742 descriptionis
526 3666 590 3725 loco
620 3671 712 3742 atque
736 3667 909 3726 Strabonem
939 3667 1110 3725 inseruisse.
1154 3664 1282 3724 Adicere

155 3768 224 3826 milri
248 3768 336 3827 liceat
359 3768 446 3827 fidem
471 3768 613 3827 Meinelrii
638 3769 831 3845 conjecturae
853 3760 885 3826 oi
906 3762 940 3826 δὲ
963 3749 1196 3844 ὖπερκείμενοι
1212 3764 1283 3825 τῶν

156 3864 354 3947 λεχθέντων
385 3867 514 3948 μερῶν
544 3870 631 3929 valde
661 3871 765 3946 augeri
796 3890 830 3929 ea
868 3890 899 3930 re
931 3871 1011 3948 quod
1040 3869 1148 3930 Strabo
1183 3870 1282 3948 priore

155 3974 231 4048 loco,
254 3975 305 4050 qui
323 3975 393 4032 huic
408 3972 585 4050 respondet,
609 3972 680 4032 dicit
696 3965 733 4031 ἐν
751 3967 786 4031 di
802 3979 874 4044 τοῖς
891 3959 961 4031 ἄνω
976 3967 1133 4051 μέρεσιν
1154 3971 1191 4045 (e.
1204 3977 1229 4048 1,
1242 3970 1282 4044 6).

156 4073 248 4133 Simul
273 4079 370 4133 autem
396 4094 476 4134 nuuc
499 4076 597 4134 elucet
620 4094 653 4134 ea
684 4095 762 4152 quae
786 4074 893 4135 Strabo
917 4075 953 4134 de
977 4077 1151 4135 Lusitaniae
1174 4074 1282 4134 finibus

159 4178 246 4254 dixit,
275 4180 312 4237 ab
336 4178 439 4237 eodem
468 4185 590 4238 auctore
621 4179 750 4255 repetita
780 4197 846 4239 esse
876 4187 967 4255 atque
1000 4179 1075 4238 lianc
1102 4178 1281 4256 populorum
