2858 4732
1235 247 1274 306 29

148 405 190 476 οὐ
211 412 295 496 μέγα
318 463 324 476 .
348 461 355 476 .
380 464 386 476 ,
410 405 429 477 ὃ
453 411 488 476 δὲ
510 407 667 495 καρπὸς
690 463 696 474 .
719 461 726 475 .
750 463 755 474 .
802 419 945 478 Videmus
971 420 1063 505 lotum
1093 419 1174 497 apud
1198 422 1277 480 Stra-

148 521 257 580 bonem
281 520 442 596 dupliciter
463 520 546 595 fingi,
569 520 696 595 primum
722 520 847 596 Polybio
871 525 994 581 auctore
1016 523 1153 581 arborem
1176 521 1278 581 frueti-

148 623 206 682 bus
230 622 406 699 praeditam,
429 621 539 680 deinde
562 622 727 681 secundum
744 621 965 682 Artemidorum
988 623 1110 682 herbam
1127 625 1276 699 quandam

149 729 180 784 et
203 725 341 784 radicem.

635 861 671 931 §b
693 866 795 921 4-5.

241 998 304 1056 Has
332 998 540 1074 paragraphus
567 1000 731 1074 praeterire
759 999 829 1056 mihi
854 1000 950 1075 liceat,
979 1000 1050 1075 qnia
1077 999 1173 1058 altera
1201 1019 1278 1059 oom-

151 1101 296 1178 ploctitur
320 1100 522 1174 digressiones
545 1102 651 1177 quales
674 1101 780 1161 Strabo
803 1101 922 1160 adamat
949 1100 986 1160 do
1009 1101 1131 1160 Homeri
1154 1103 1279 1161 seientia

151 1202 369 1280 geographica,
401 1203 497 1262 altera
527 1203 723 1278 cogitationes
753 1207 783 1262 et
813 1203 1089 1262 animadversiones
1119 1205 1278 1263 historicas

152 1305 307 1366 Strabonis
330 1305 424 1380 ipsius
447 1304 590 1364 eontinet:
620 1306 649 1363 in
677 1305 785 1381 quibus
813 1323 848 1364 ea
871 1305 1008 1365 doctrina
1029 1305 1117 1382 lucet,
1149 1325 1239 1382 quam
1263 1327 1279 1364 e

152 1408 245 1466 variis
269 1408 419 1466 variorum
442 1411 598 1466 auctorum
629 1407 711 1466 libris
741 1408 840 1466 hausit
868 1412 959 1484 atque
992 1428 1028 1466 ex
1052 1409 1157 1467 notitia
1179 1428 1279 1468 rerum

153 1529 208 1569 sno
231 1515 367 1586 tempore
389 1515 539 1586 gestarum
563 1508 617 1567 sibi
642 1512 836 1586 comparavit.

683 1716 700 1784 ξ
725 1720 750 1775 6,

241 1837 301 1894 lam
325 1835 423 1910 pergit
454 1835 587 1911 periplus
615 1835 652 1893 ad
677 1834 886 1911 Carthaginem
910 1835 1034 1894 Novam.
1079 1835 1180 1895 Verba
1202 1826 1288 1912 quae*

155 1938 307 2016 pertinent
337 1931 432 1996 axoni
456 1926 517 2013 γὰρ
550 1923 674 2016 ἐρυμνή
701 1922 731 1995 τ’
763 1929 831 1995 ἐστι
859 1982 865 1993 .
896 1955 1024 2014 .usque
1053 1938 1091 1996 ad
1122 1932 1198 2015 περὶ
1229 1919 1279 1996 ὥν

156 2029 343 2118 εἰρήκαμεν,
367 2040 396 2099 in
420 2041 528 2116 peripli
544 2040 775 2116 descriptionem
799 2041 912 2099 inserta
934 2049 1011 2100 sunt.
1056 2045 1100 2100 Ao
1122 2042 1160 2101 de
1176 2060 1280 2116 argen-

157 2145 241 2203 tariis
263 2144 389 2202 metallis
408 2144 470 2219 jam
502 2144 530 2201 in
554 2145 655 2220 priore
680 2142 881 2218 descriptione
903 2144 1049 2219 Polybius
1072 2144 1213 2203 laudatus
1236 2149 1280 2203 est

157 2266 181 2305 o.
197 2249 286 2323 2,10,
310 2246 339 2306 C.
358 2249 426 2305 147.
471 2246 517 2304 De
548 2247 607 2304 situ
630 2264 701 2304 vero
725 2229 852 2322 (λιμήν,
876 2238 987 2323 λίμνη)
1015 2251 1045 2304 et
1068 2247 1281 2307 munitionibus

156 2349 247 2425 hujus
278 2349 360 2407 urbis
383 2348 463 2425 apud
487 2347 616 2407 eundem
643 2349 820 2424 scriptorem
843 2349 981 2409 Straboni
1004 2348 1126 2424 copiosa
1149 2352 1281 2408 narratio

157 2454 277 2528 praesto
300 2456 365 2510 erat
381 2451 457 2523 (Pol.
473 2451 516 2523 X,
534 2448 585 2521 10)
609 2469 624 2510 e
641 2468 701 2526 qua
724 2450 798 2509 haec
815 2451 991 2527 deprompta
1012 2469 1078 2510 esse
1095 2452 1166 2510 mihi
1180 2452 1279 2510 viden-

157 2532 221 2612 tur.⁵
258 2554 292 2611 In
317 2555 451 2629 proximo
475 2559 572 2611 autem
594 2555 747 2612 enuntiato
764 2553 851 2612 facile
874 2553 981 2629 peripli
1006 2557 1139 2612 tenorem
1164 2573 1281 2613 rursum

157 2656 314 2716 sentimus:
348 2641 527 2713 κάνταῦθα
555 2650 611 2712 καὶ
641 2647 678 2712 ἐν
709 2661 780 2724 τοῖς
806 2649 954 2732 πλησίον
979 2641 1098 2726 τόποις
1124 2647 1232 2733 πολλὴ
1261 2649 1281 2734 ἡ

157 2752 302 2836 ταοχεία.
355 2757 470 2817 Deinde
504 2764 672 2817 mercatura
702 2778 809 2834 magna
841 2766 1070 2818 commemorata
1101 2759 1282 2842 Cartbagine

158 2862 314 2938 proiectus
338 2861 471 2919 subsistit
501 2860 634 2937 periplus
665 2862 694 2918 in
718 2861 792 2919 ostio
816 2862 958 2921 Sucronis
981 2862 1072 2938 fluvii,
1101 2862 1187 2937 eujus
1218 2882 1283 2921 eur-

158 2982 222 3023 sum
245 2965 361 3024 ratione
393 2964 481 3040 hujus
510 2964 616 3040 peripli
648 2962 788 3037 describi,
814 2964 875 3039 jam
908 2983 1013 3041 supra,
1043 2966 1091 3023 ubi
1122 2963 1159 3023 de
1185 2965 1283 3024 fluviis

159 3067 296 3126 omnibns
312 3066 518 3142 disseruimus,
541 3066 651 3125 dictum
677 3071 728 3124 est.
773 3068 849 3126 Tum
868 3066 994 3143 demnm,
1020 3071 1178 3143 postquam
1196 3068 1283 3126 huius

159 3169 287 3229 fluminis
305 3170 483 3228 mentionem
500 3168 580 3243 feeit,
594 3158 639 3227 'ea
654 3187 731 3244 quae
748 3168 826 3226 inter
841 3167 1005 3229 Sucronem
1027 3172 1057 3228 et
1072 3168 1283 3245 Carthaginem

159 3273 276 3332 Novam
301 3273 356 3331 sita
379 3278 457 3348 sunt,
480 3271 616 3347 depingit
640 3270 735 3346 caque
759 3271 878 3329 inverso
902 3272 1006 3331 ordine
1030 3270 1197 3331 aSuoronc
1220 3291 1284 3331 rur·-

160 3392 211 3432 sus
234 3373 446 3450 Carthaginem
479 3373 617 3431 tendens:
646 3362 769 3449 μεταξὺ
801 3364 861 3449 μὲν
891 3352 955 3431 οὖν
984 3370 1045 3430 τοῦ
1076 3361 1285 3452 Σούκοοονος

161 3471 296 3556 καὶτῆς
319 3465 534 3555 ,Καρχηδόνος
562 3469 637 3552 ποία
659 3469 817 3552 πολίχνια
842 3521 848 3534 .
874 3460 938 3534 ,οὐ
953 3466 1043 3534 πολὺ
1067 3461 1200 3534 ἄποθεν
1222 3473 1285 3534 τοῦ

160 3574 317 3656 ποταμοῦ
340 3622 346 3634 .
373 3623 379 3634 .
403 3563 468 3636 εἶθ)
491 3564 510 3654 ἡ
534 3574 596 3635 τοῦ
614 3565 815 3655 Ἡρακλέους
837 3575 939 3655 νῆσος
963 3564 1026 3657 ἤδη
1050 3567 1134 3655 πρὸς
1157 3576 1285 3657 Καρχη-

163 3670 244 3740 δόνι.
289 3682 354 3740 Ηοο
373 3681 436 3757 jam
460 3682 526 3739 luce
550 3680 660 3740 clarius
685 3688 737 3752 est,
761 3680 938 3740 Strabonem
966 3682 1002 3739 ab
1026 3681 1214 3757 ordineque
1237 3699 1286 3740 res

162 3784 189 3842 in
213 3784 330 3860 periplo
354 3784 523 3859 explicatae
540 3788 616 3854 sunt,
641 3782 789 3841 recodere.
833 3784 947 3841 Tamen
964 3785 1070 3858 quaeri
1093 3788 1192 3861 potest
1214 3802 1284 3843 num

163 3905 209 3944 ros
232 3887 325 3963 ipsae,
349 3905 426 3962 qnae
450 3884 654 3961 proferuntur,
677 3886 785 3962 partim
810 3885 857 3944 vel
881 3904 982 3944 omnes
1006 3887 1152 3963 eperiplo
1175 3888 1286 3964 petitae

163 3989 227 4046 sint.
273 3988 381 4064 Neque
406 3988 529 4046 enimsi
561 4006 658 4062 pauca
681 3987 732 4045 illa
754 3986 846 4046 verba
874 3987 911 4046 de
934 3987 1066 4048 Sertorio
1090 3988 1170 4048 faeta
1193 4007 1284 4047 remo·

163 4108 278 4167 vernus,
307 4092 384 4149 inest
414 4091 442 4148 in
475 4090 531 4148 hac
555 4089 756 4165 descriptione
788 4090 961 4165 quiequam,
992 4091 1072 4166 quod
1102 4093 1131 4149 in
1160 4091 1284 4148 Artemi-

165 4191 226 4250 dori
250 4187 364 4270 periplo
394 4191 483 4250 fuisso
514 4212 572 4249 non
596 4194 704 4269 possit,
735 4198 764 4250 et
793 4211 900 4251 revera
925 4193 1140 4252 Artemidorum
1173 4193 1208 4250 ile
1242 4193 1286 4250 his
