2858 4732
148 221 188 279 22

149 397 417 470 enumerationem,
449 415 514 454 eum
547 396 661 472 inpar.
690 397 778 454 tertia
801 396 890 472 hujus
914 416 978 472 cap.
1003 395 1079 469 (Cas.
1098 393 1170 467 152)
1195 397 1274 455 idem

148 496 222 555 ordo
239 497 342 556 harum
367 499 497 572 gentium
520 499 626 557 iterum
651 503 802 557 occurrat:
825 488 864 555 τδ
881 483 909 554 δ’
925 488 1072 557 ἑοιδινδν
1088 490 1169 556 οἵτε
1189 496 1275 576 Καρ-

150 594 296 676 πιγτανοὶ
319 593 375 656 καὶ
398 591 428 656 ei
456 584 644 669 Οὐέττιονες
666 594 719 656 καὶ
748 585 931 657 Οιίοκκαῖοι
955 595 1010 657 καὶ
1030 595 1218 658 tietmaro!
1233 627 1274 646 =

150 702 167 772 ἓ
191 706 235 761 a:
259 697 475 780 Ῑιάρπητανοί
502 696 536 759 δὲ
561 747 566 758 .
592 747 597 758 .
625 747 630 759 .
656 691 725 759 εἶτα
752 688 941 771 edessanae
957 696 1013 760 καὶ
1031 687 1216 760 etiamen
1239 747 1275 762 ..

151 798 336 862 Ιιάλλαικοὶ
359 788 389 861 δ’
411 789 564 862 deseror:
587 823 681 881 quare
704 805 781 863 hane
801 806 973 864 Lusitaniae
996 806 1273 866 determinationem

149 926 164 964 e
187 907 304 982 periplo
327 907 452 984 petitam
476 925 540 966 esse
564 908 633 966 mihi
657 907 762 967 videor
786 925 878 983 supra
896 908 967 983 jure
991 925 1190 967 asseverasse.

690 1089 730 1152 B.

234 1215 384 1291 Sequitur,
408 1218 441 1273 ut
463 1215 669 1290 exquiramus,
700 1215 836 1290 quisnam
864 1216 943 1274 iltius
966 1215 1074 1290 peripii
1096 1219 1201 1275 auctor
1224 1217 1276 1275 eit:

149 1317 229 1394 qued
254 1335 334 1375 nune
358 1316 485 1392 quidem,
509 1321 669 1394 postquam
699 1335 753 1392 per
780 1320 870 1377 totam
903 1336 972 1377 orae
1002 1317 1197 1377 occidentalis
1225 1319 1274 1378 dc·

148 1421 340 1497 scriptionem
371 1421 435 1496 ejus
467 1421 593 1495 vestigia
626 1421 777 1495 persecuti
815 1439 933 1490 sumus,
968 1420 1040 1479 setis
1067 1420 1158 1479 firmis
1186 1440 1275 1496 argu-

151 1523 258 1582 mentis
282 1521 344 1581 ficri
368 1526 475 1597 potest.
520 1522 620 1598 Atque
652 1523 732 1580 hunc
764 1540 828 1580 esse
860 1523 1079 1582 Artemidorum
1111 1524 1276 1598 Ephesium

150 1626 200 1683 vix
217 1624 355 1700 cuiquam
372 1628 491 1700 praeter
507 1624 678 1700 opinionem
695 1624 820 1682 dicetur.
861 1626 942 1684 Maec
959 1631 1056 1684 autem
1073 1629 1152 1702 suut,
1168 1626 1277 1701 quibus

148 1727 367 1786 Artemidorum
405 1732 559 1786 auctorem
590 1744 654 1785 csse
688 1732 768 1787 certo
800 1727 1028 1787 demonstretur.
1072 1728 1117 1785 Ac
1147 1728 1276 1804 primum

149 1830 266 1906 quidem
291 1833 458 1904 spectemus
473 1829 574 1905 verba,
597 1848 675 1904 quae
698 1836 816 1888 exstant
838 1830 867 1888 iu
892 1834 994 1906 c.1,8
1019 1829 1149 1890 G.140.:
1173 1815 1217 1907 ἦν
1241 1824 1277 1888 δὲ

150 1926 206 1989 καί
236 1928 335 2009 zeta
363 1928 422 2008 τῆς
455 1925 581 2008 Τίγγιος
612 1915 818 2008 ἀστυγείτων
848 1929 919 1989 κτλ.
979 1934 1013 1991 lu
1051 1931 1150 2007 priore
1184 1932 1277 2008 hujus

149 2035 333 2112 quaestionis
356 2038 441 2109 parte
465 2052 571 2092 causas
589 2035 652 2110 jam
676 2034 772 2110 attuli,
795 2053 850 2092 eur
874 2021 1043 2092 existimare
1068 2040 1216 2111 oporteat,
1244 2034 1275 2092 in

148 2137 263 2214 periplo
287 2137 360 2194 hacc
384 2138 445 2195 sere
469 2135 574 2195 fuisse:
611 2128 771 2193 ἐντεῦθεν
803 2126 835 2191 oi
868 2124 1003 2193 disiectos
1026 2121 1170 2212 ,ιιοίλιοτιί
1193 2129 1278 2194 εἰσιν

150 2233 195 2309 εἰς
222 2233 334 2316 Τίγγιν
355 2231 419 2295 καὶ
444 2235 573 2315 Ζῆλιν
594 2235 654 2315 τῆς
673 2231 897 2314 Μαυρουσίοις.
943 2239 1003 2296 lam
1034 2239 1057 2296 si
1088 2237 1170 2314 apud
1194 2238 1277 2298 Stra·

149 2345 255 2402 bouem
288 2342 492 2400 Mauretaniae
522 2340 751 2416 descriptionem
783 2340 971 2417 inspicimus,
1003 2342 1077 2400 hace
1106 2341 1277 2401 invenimus

150 2446 186 2504 de
216 2445 272 2502 iliis
303 2443 431 2519 oppidis:
462 2443 511 2502 lib.
535 2443 617 2502 XVII
648 2462 672 2501 c.
694 2447 760 2513 3,e
794 2443 824 2502 O.
842 2447 915 2503 827:
951 2435 996 2511 εἷς
1023 2434 1058 2499 δὲ
1087 2432 1150 2519 τὴν
1181 2432 1278 2512 ἐντὸς

150 2536 328 2605 θάλατταν
352 2540 512 2604 πλέουσιν
529 2530 597 2603 απὸ
612 2534 744 2623 Λογγὸς
765 2533 864 2615 πόλις
887 2537 957 2604 ἐστὶ
973 2541 1073 2622 Ζῆλις
1095 2538 1151 2602 καὶ
1170 2539 1278 2623 Τίγγις

150 2649 248 2722 (codd.
269 2643 367 2726 Τίγα).
412 2649 555 2708 Videmus
578 2647 753 2706 Strabonem
781 2648 919 2707 hocloco
943 2649 1017 2706 nihil
1033 2648 1135 2707 dicere
1158 2647 1196 2706 de
1212 2649 1277 2707 chi

150 2752 260 2829 oppido
290 2752 319 2811 in
354 2751 521 2828 oppositam
554 2752 648 2827 ripam
678 2751 839 2810 translato:
875 2750 955 2826 quod
988 2751 1078 2809 variis
1110 2750 1147 2809 de
1178 2750 1277 2809 causis

150 2856 260 2914 iactum
284 2873 349 2914 esse
372 2860 479 2931 potest.
524 2854 613 2914 Certo
638 2855 693 2912 lroc
717 2860 856 2929 apparet,
878 2835 1121 2928 auctoremque
1144 2853 1175 2911 iu
1194 2853 1276 2912 Mau·
1335 2886 1339 2893 ·

151 2958 286 3016 rctauiae
316 2976 369 3016 ora
392 2955 591 3014 describenda
618 2955 810 3031 geographus
838 2960 938 3014 nester
962 2973 1032 3014 usus
1055 2959 1109 3030 est,
1138 2954 1216 3013 idem
1240 2955 1279 3013 dc

150 3061 209 3119 Zeti
234 3060 344 3135 oppido
369 3061 399 3118 in
425 3059 613 3117 Mauretania
635 3059 751 3133 integro
782 3057 940 3116 tradidisse
971 3064 1062 3133 utque
1091 3057 1198 3134 peripii
1225 3058 1277 3116 Ai-

150 3163 273 3238 spaniac
296 3163 479 3237 scriptorem.
523 3163 585 3220 lam
613 3161 641 3218 in
669 3160 752 3219 initio
776 3161 881 3236 peripii
912 3179 981 3218 orae
1004 3161 1127 3218 Maurae
1150 3160 1277 3218 Artemi-

151 3265 242 3324 dorus
259 3264 400 3323 laudatur
415 3262 453 3336 (e.
468 3267 494 3338 3,
508 3268 535 3340 2,
559 3263 588 3324 O.
606 3259 680 3334 825)
697 3263 771 3321 etin
788 3261 854 3338 ipsa
871 3269 956 3320 sexta
972 3280 1035 3337 par.
1052 3254 1096 3339 (O.
1113 3266 1173 3322 827
1187 3259 1276 3334 extr.)

151 3367 263 3442 aliquid
293 3367 384 3437 inest,
422 3365 503 3441 quod
527 3365 748 3425 Artemidorum
783 3365 885 3423 harum
916 3382 1015 3422 rerum
1044 3382 1110 3422 csse
1140 3367 1274 3424 autorem

150 3469 270 3545 probet:
294 3513 299 3524 .
324 3513 331 3526 .
353 3512 360 3527 .
384 3457 533 3526 ,καὶτὸ
560 3460 801 3545 ὑπερκείμενον
824 3452 903 3544 ὄρος
925 3451 1032 3542 ὄνομα
1044 3449 1152 3544 Ἀβίλη
1178 3512 1183 3522 .
1209 3512 1215 3523 .
1240 3511 1276 3524 ..

151 3566 207 3629 καὶ
229 3560 452 3647 Μεταγοίνιον
474 3559 580 3640 τόπος
604 3555 750 3647 ίίνοδρος
772 3563 828 3626 καὶ
852 3557 1023 3645 λυπρός..
1047 3614 1052 3624 .
1071 3568 1124 3626 cfr.
1138 3569 1198 3638 111,
1212 3573 1239 3640 5,
1249 3573 1276 3644 5,

151 3675 182 3733 O.
202 3678 261 3734 170
275 3658 514 3751 Ἀρτεμίδωρος
537 3665 572 3731 δὲ
601 3657 665 3749 τήν
694 3666 756 3750 μὲν
784 3669 844 3748 τῆς
859 3656 958 3748 Ἥρας
987 3666 1094 3748 νῆσον
1108 3664 1164 3727 καὶ
1187 3661 1278 3748 ἱερὸν

152 3770 245 3852 λέγει
270 3759 383 3852 αὐτῆς,
413 3763 519 3854 drap>
549 3760 578 3833 δ’
601 3761 642 3832 οὔ
665 3786 766 3853 φησιν
788 3762 872 3831 εἷναί
894 3791 981 3845 τινα)
1011 3759 1053 3831 οδ
1077 3758 1106 3831 δ)
1126 3757 1279 3846 Ῐίβίλοκα

152 3867 231 3955 ὅρος
254 3862 333 3936 οὐδὲ
358 3864 579 3956 Μεταγώνιον
603 3868 719 3946 deveo:
743 3896 821 3954 quae
845 3876 1052 3936 Artemidorus
1076 3877 1151 3935 dixit
1172 3881 1277 3936 centra

151 3981 358 4039 Eratosthenis
381 3982 559 4039 sententiam
582 3982 612 4039 in
636 3980 779 4055 proximis
802 3980 901 4038 verbis
924 3979 1105 4055 expositam:
1133 3969 1218 4036 ἔνιοι
1241 3972 1277 4037 δὲ

152 4071 276 4160 στήλας
304 4064 480 4154 ὑπέλαβον
510 4072 571 4160 τὴν
595 4072 736 4160 Κάλπην
767 4078 824 4138 καὶ
854 4071 915 4159 τὴν
931 4065 1098 4153 Ῐλβίλυκα,
1128 4065 1147 4136 ὅ
1176 4092 1278 4160 φησιν

151 4170 388 4263 Ἐρατοοθένης
408 4177 445 4242 ἐν
466 4182 516 4262 τῷ
532 4178 750 4262 Μεταγιονίῳ,
779 4178 961 4261 Νομαδικοῦ
986 4173 1085 4260 ἔθνει,
1109 4175 1276 4260 ἱδρῦσθαι,
