2858 4732
1211 212 1252 274 25

130 409 176 461 ea,
200 408 277 465 qliae
302 390 410 465 peripli
437 390 525 463 hujus
548 395 661 462 partem
687 407 752 446 csse
776 395 927 464 appareat,
950 389 1139 448 Artemidoro
1162 389 1256 446 tribu·

128 510 223 550 amus.
267 493 372 567 Neque
394 491 470 550 euiru
495 511 511 548 c
541 499 670 549 veterum
701 498 856 549 auctorum
881 491 998 568 scriptis
1022 491 1170 566 discimus,
1200 491 1254 548 Ar-

81 597 85 601 “
127 594 305 653 temidorum
331 599 451 670 praeter
471 594 629 670 periplum,
652 595 702 669 qui
726 595 906 669 nominatur,
930 594 1021 653 libros
1036 593 1255 669 geographicos

128 697 285 773 scripsisse
309 695 348 767 (v.
365 696 476 756 Stielrlc
493 695 601 754 Plrilol.
621 697 651 753 ll.
670 693 730 766 11.)
755 715 852 771 neque
875 697 996 755 omniuo
1020 701 1073 771 est,
1096 695 1176 772 quod
1201 696 1255 752 has

128 798 250 874 quidem
275 805 370 857 terras
387 797 512 856 diversis
536 797 619 856 libris
641 797 678 855 ab
701 797 892 856 Artemidoro
914 802 1057 857 tractatas
1073 816 1138 857 esse
1155 816 1254 856 censc-

129 919 223 960 amus.
267 899 443 976 Explicatur
465 919 538 958 vero
562 899 724 976 descriptio
748 900 839 977 hujus
863 917 933 959 orac

389 1120 392 1125 ⁴
478 1123 541 1181 cap.
566 1109 594 1164 t.
618 1105 901 1180 d.156,§§1-e.

657 1223 674 1299 ἓ
701 1230 725 1285 1.

214 1329 318 1388 Aede
342 1329 437 1405 prima
467 1328 586 1404 quidem
615 1346 679 1404 par.
701 1346 783 1386 nuuc
814 1328 898 1386 nobis
930 1347 987 1386 non
1020 1332 1065 1386 est
1087 1327 1254 1398 dicendum,

129 1433 199 1507 quia
222 1432 328 1492 Strabo
352 1433 378 1489 in
404 1431 461 1489 huc
484 1449 547 1507 pur.
571 1431 740 1490 eorrtinuaur
765 1430 856 1507 hujus
879 1450 950 1489 orac
971 1431 1253 1489 dimensuratiouem

127 1534 244 1610 profert
271 1552 396 1610 eamque
420 1533 539 1592 aliunde
563 1539 653 1610 atque
684 1553 720 1592 ex
751 1534 867 1610 periplo
891 1535 1026 1610 petitam:
1057 1533 1136 1610 quod
1170 1533 1255 1592 faurile

125 1636 312 1712 intelligitur.
356 1636 493 1712 Apparet
526 1637 600 1694 eninr
632 1637 726 1695 verba
759 1635 828 1694 inde.
863 1656 879 1692 a
913 1629 994 1709 φασὶ
1028 1629 1064 1692 δὲ
1098 1619 1164 1692 dod
1195 1629 1255 1711 ple·

130 1727 270 1816 Κάλπης
294 1758 351 1797 uuo
368 1739 494 1814 quedam
520 1738 633 1797 csoute
650 1738 826 1814 deprompta
838 1722 924 1810 esse,
948 1738 997 1813 qui
1016 1737 1124 1814 etipse
1148 1737 1254 1813 peripli

127 1840 257 1917 speciem
291 1841 387 1900 habet.
440 1839 498 1900 Sed
530 1841 618 1900 alium
649 1859 714 1900 esse
745 1840 837 1912 lrunc,
868 1841 955 1899 alium
987 1841 1069 1898 illum
1098 1839 1256 1919 periplum⁷

130 1961 218 2019 quem
252 1944 281 2002 iu
313 1943 412 2019 priore
440 1943 648 2020 descriptionis
678 1947 763 2018 parte
794 1943 972 2019 invenimus,
1001 1942 1201 2018 intelligemus
1231 1941 1256 2001 si

128 2044 369 2120 recordabimur,
406 2065 494 2122 quam
529 2050 671 2105 accurate
704 2047 742 2105 ibi
775 2046 893 2121 singula
927 2048 1155 2104 commemorata
1188 2044 1255 2104 siut.

128 2151 292 2208 Praeterea
314 2149 343 2206 iu
368 2154 512 2225 sequente
537 2149 695 2225 apparebit
718 2148 933 2225 descriptione,
955 2149 1004 2207 ubi
1027 2148 1106 2207 illico
1130 2148 1254 2207 Artemi·
1332 2127 1341 2138 ⁸

101 2231 103 2236 ⁵
129 2252 194 2311 dori
229 2251 376 2328 periplum
408 2253 514 2311 iterum
545 2252 742 2327 reperiemus,
772 2251 917 2310 nonnulla
945 2269 1010 2310 cum
1043 2252 1159 2327 periplo
1191 2252 1254 2309 sive

128 2353 290 2413 stadiasmo
314 2373 458 2430 pugnare.
503 2352 593 2413 Omisi
619 2353 717 2426 adhue
740 2355 848 2413 afferre
871 2354 963 2412 verba
993 2348 1049 2411 καί
1072 2350 1142 2411 τῶν
1165 2351 1255 2431 Πομ-

127 2450 231 2536 πηίου
255 2439 498 2534 ἀναθημάτων,
531 2475 608 2532 qnae
631 2458 703 2533 quin
725 2457 754 2515 in
786 2456 946 2516 stadiasme
979 2457 1027 2515 illo
1056 2457 1120 2533 ipsa
1143 2455 1255 2514 fuerint

130 2559 268 2618 dubitare
292 2578 350 2618 nou
376 2561 459 2619 licet:
488 2577 547 2635 qua
575 2578 607 2618 re
629 2559 693 2618 sola
716 2559 924 2618 Artemidorus
948 2565 1053 2618 auctor
1076 2564 1254 2617 removetur.

128 2664 234 2738 ltaque
257 2661 418 2720 secundnm
448 2662 537 2738 hujus
568 2662 750 2736 quaestionis
773 2661 988 2720 iustitutionem
1024 2680 1104 2719 nune
1134 2660 1253 2736 quidem

129 2765 204 2824 haec
227 2765 398 2823 omittentes
419 2764 579 2822 transimus
603 2763 640 2821 ad

660 2934 728 3003 §A

131 3054 179 3114 nbi
202 3054 241 3113 ad
265 3054 384 3130 singula
408 3052 606 3113 describenda
628 3053 733 3113 Strabo
757 3054 880 3112 accedit.
924 3054 968 3110 Ae
984 3053 1109 3128 primum
1134 3051 1254 3127 quidem

132 3163 302 3234 spectemus
326 3156 434 3215 verba:
458 3142 550 3235 ῥάχις
572 3148 664 3214 ἐστὶν
680 3140 793 3234 ὀρεινὴ
816 3153 875 3235 τῆς
897 3147 1171 3234 Βαστητανίας
1193 3148 1256 3211 καὶ

69 3315 72 3322 .
129 3257 215 3318 τοία
237 3245 466 3338 depravate
494 3305 499 3316 .
526 3306 531 3316 .
556 3303 562 3317 .
590 3252 823 3336 διορίζουσα
853 3243 924 3338 τὴν
947 3251 1147 3335 παραλίαν
1179 3241 1255 3314 ἀπὸ

131 3359 196 3442 τῆς
218 3356 447 3440 μεσογαίας.
504 3362 621 3434 Quibus
653 3380 719 3420 cum
756 3360 946 3420 conferamus
979 3378 1056 3436 quac
1086 3378 1132 3436 ap.
1156 3359 1256 3434 Steph.

131 3468 250 3524 exstant
273 3482 295 3523 s.
310 3483 338 3522 v.
361 3449 483 3541 Ὠριοία
507 3509 513 3523 .
536 3449 793 3542 ,Ἀρτεμίδωρος
815 3455 852 3520 ἐν
874 3456 1020 3539 δευτέρῳ
1043 3476 1256 3539 γεωγραφου·

130 3561 244 3644 μένοον
264 3553 509 3644 ,αμςοότεροι
531 3553 629 3644 γὰρίί
652 3561 731 3645 φησί
757 3562 1017 3638 ,,κατοικοῦοι
1039 3554 1109 3643 τὴν
1131 3581 1256 3639 παρα-

131 3665 221 3728 λίαν
242 3662 308 3728 καί
330 3685 420 3727 τινα
442 3666 510 3748 τῆς
531 3662 756 3746 μεσογείου,
782 3662 1001 3745 πρῶτονμὲν
1024 3650 1196 3746 Ώρηταοοί
1219 3711 1225 3723 .
1249 3710 1256 3725 .

131 3775 190 3831 Iam
215 3772 349 3833 Ukertus
373 3771 432 3847 (11,
455 3792 482 3848 p.
498 3777 561 3832 410
584 3772 662 3831 Adri.
685 3770 738 3844 29)
769 3771 840 3830 dieit
863 3771 900 3829 de
930 3771 986 3830 hoc
1013 3770 1155 3847 Stephani
1179 3770 1255 3842 loco,

131 3877 255 3934 alteram
279 3894 295 3935 e
326 3874 442 3934 duabus
465 3876 612 3951 gentibus,
636 3893 711 3951 quas
727 3874 826 3934 verbis
850 3857 1033 3950 ἀμφότεροι
1049 3872 1256 3933 Artemidorus

131 3977 285 4054 significet,
307 3995 371 4036 esse
396 3979 584 4037 Bastetanos:
615 3977 694 4053 quod
720 3996 735 4036 e
763 3977 915 4038 Strabonis
938 3976 1139 4053 descriptione
1162 3975 1256 4049 sequi.

132 4079 202 4139 Mihi
226 4078 345 4156 quidem
370 4097 545 4155 persuasum
571 4086 629 4154 est,
658 4081 858 4154 enuntiatum,
885 4079 966 4155 quod
989 4085 1059 4138 ante
1081 4076 1174 4137 verba
1197 4061 1256 4153 ἆμ-

135 4171 272 4260 ςοότεροι
294 4171 357 4262 γὰρ
381 4183 533 4256 exstabat,
563 4181 705 4260 qnodque
729 4180 810 4258 apud
833 4181 1015 4258 Stephanum
1040 4180 1179 4240 omissum
1203 4184 1255 4249 est,
