2858 4732
150 197 243 290 10

149 405 277 464 videtur.
321 403 429 480 Specto
459 405 510 463 illa
537 405 646 482 verba,
677 423 754 481 quae
783 406 863 481 apud
899 406 1075 466 Strabonem
1103 408 1275 466 Lusitaniae

150 507 382 584 descriptionem
406 507 541 583 proxime
565 507 757 566 antecedunt:

592 715 616 754 c.
633 700 691 772 3,2
717 696 835 756 0152.

149 808 181 873 oi
205 810 240 874 dt
264 803 495 893 ὑπερκείμενα(
524 811 596 872 τῶν
620 809 814 892 λεχθέντων
836 802 929 894 ὀρῶν
957 815 1067 883 (codd.)
1085 814 1155 873 κτλ.
1202 817 1275 876 Cum

152 920 227 977 onim
252 937 351 994 pauca
380 918 430 976 illa
459 918 566 994 verba,
595 935 673 994 quae
704 918 810 978 Strabo
839 917 876 976 de
908 919 996 976 rebus
1026 939 1043 976 a
1070 919 1219 978 Gallaecis
1247 924 1292 977 ct-

150 1022 244 1080 Bruto
268 1022 446 1096 cognomine
468 1020 611 1080 Gallacco
640 1022 731 1095 gestis
753 1021 869 1080 inserit:
901 1010 952 1079 did
980 1015 1036 1078 καὶ
1060 1010 1277 1098 δυσμαχώτα-

148 1139 202 1180 τοι
226 1169 232 1180 .
259 1111 632 1198 ,..παρεσκεύασαν.,
665 1125 859 1198 secernimus,
893 1123 1095 1182 brevissimam
1133 1125 1277 1182 habemus

149 1227 403 1285 enumerationem
429 1227 558 1284 omnium
582 1227 724 1300 gentium,
747 1245 826 1302 quae
850 1227 880 1283 in
904 1227 1046 1285 interiore
1070 1227 1216 1303 Hispania
1238 1226 1276 1286 ad

149 1347 285 1388 occasum
311 1335 454 1404 vergente
485 1329 521 1387 ab
549 1329 672 1387 australi
706 1348 758 1387 ora
792 1346 885 1404 usque
915 1328 952 1386 ad
985 1348 1128 1388 oceanum
1159 1334 1277 1404 septen-

149 1431 306 1490 trionalem
329 1431 458 1507 alicujus
482 1432 622 1490 momenti
646 1434 723 1490 sunt.
769 1429 829 1490 Suo
841 1432 911 1506 jure
928 1431 982 1489 viri
1006 1431 1085 1513 docti
1101 1433 1277 1506 gravissime

149 1533 180 1592 in
204 1533 249 1592 liis
271 1533 370 1591 verbis
393 1532 593 1592 offenderunt.
638 1533 683 1590 Ao
715 1533 841 1609 primum
873 1533 993 1608 quidem
1019 1551 1105 1592 nemo
1129 1533 1276 1608 intelligit,

150 1637 271 1713 quinam
295 1637 353 1694 sint
375 1635 418 1694 illi
449 1635 537 1712 „dicti
562 1628 702 1694 montes“.
746 1636 871 1694 Frustra
902 1637 979 1694 enim
1010 1654 1139 1712 quaeras
1166 1637 1195 1695 in
1228 1635 1277 1694 de·

149 1739 316 1814 scriptione
340 1755 417 1814 quae
440 1737 599 1807 antecedit,
624 1738 767 1796 montium
790 1737 979 1812 quorundam
1003 1739 1191 1814 mentionem,
1222 1739 1277 1797 nisi

149 1841 226 1900 sorte
251 1840 307 1899 hoo
331 1841 397 1898 loco
420 1843 596 1915 spectentur
619 1839 662 1898 illi
686 1845 816 1914 montes,
839 1858 915 1915 quos
938 1839 1043 1899 Strabo
1068 1831 1278 1899 commemora-

149 1945 193 2003 vit
214 1962 238 2001 c.
255 1948 313 2021 2,3
338 1942 368 2003 O.
387 1946 467 2002 lea:
490 1930 700 2019 παράλληλοι
716 1934 752 1998 δέ
773 1958 861 2012 τινες
884 1927 992 2018 (legere
1011 1927 1104 2019 ὀρῶν
1118 1936 1277 2019 παρατεί-

149 2058 246 2104 νουσι
269 2042 319 2123 τῷ
340 2041 484 2121 ποταμῷ
508 2047 560 2112 (εο.
583 2039 693 2116 Boioi)
750 2091 754 2100 .
779 2089 786 2102 .
808 2033 944 2123 πλήρεις
967 2051 996 2103 01
1018 2028 1213 2123 «ὑπέρκειται
1239 2039 1275 2102 δὲ

148 2143 204 2206 καὶ
226 2134 355 2206 τούτου
377 2141 569 2225 μεταλλείας
593 2137 711 2224 ἔχοντα
740 2133 801 2226 ὄρη
833 2193 838 2204 .
871 2189 909 2204 ..
936 2134 1053 2224 Τὸιγον.
1101 2149 1200 2224 Atque
1224 2149 1278 2207 hos

151 2257 266 2311 montes
290 2269 396 2310 revera
418 2250 631 2326 intelligendos
654 2268 718 2309 esee
749 2251 864 2309 censuit
888 2250 1083 2310 Oasaubonus
1107 2248 1218 2322 (Strab.
1240 2250 1277 2309 ed

150 2353 332 2414 Siebenkees
365 2360 394 2412 et
416 2351 591 2411 Tzsoliucke
614 2353 689 2411 'Pom
711 2353 776 2411 Vll.
807 2371 835 2427 p.
852 2356 912 2413 652
936 2352 1000 2412 sive
1024 2353 1069 2411 ed.
1092 2354 1239 2412 Almelov.
1256 2354 1279 2411 1.

149 2476 177 2534 p.
195 2453 270 2526 227]
296 2460 386 2532 atquo
409 2474 505 2531 nuper
528 2472 594 2512 eum
619 2455 668 2513 illo
692 2454 762 2514 lecit
785 2455 815 2514 O.
838 2455 998 2514 Muellerus
1026 2453 1096 2526 (sn.
1117 2454 1162 2513 ed.
1180 2456 1278 2514 Muell.

150 2579 178 2636 p.
195 2562 256 2619 955
280 2558 318 2618 ad
341 2578 369 2634 p.
388 2561 456 2634 126,
475 2555 535 2628 22.)
580 2556 639 2616 Sed
662 2559 775 2617 etiamsi
801 2577 866 2617 cum
891 2557 1078 2617 Groskurdio
1102 2555 1278 2629 (observatt.

151 2663 245 2722 critic.
268 2661 297 2720 in
322 2661 458 2720 Strabon.
481 2661 606 2719 Iberiam
630 2680 657 2736 p.
676 2657 749 2731 111)
773 2660 866 2719 verba
889 2660 927 2718 de
950 2661 1058 2735 quibus
1083 2661 1278 2737 disputamus,

151 2783 254 2824 errore
277 2763 407 2839 quodam
431 2764 459 2821 in
483 2763 564 2821 hunc
591 2764 687 2821 locum
711 2763 857 2821 translata
888 2781 968 2838 esse,
1002 2763 1147 2838 principio
1179 2771 1278 2822 autem

149 2867 283 2943 proxime
314 2865 455 2941 postilla
486 2865 588 2922 verba:
619 2851 811 2940 ὑπέρκειται
842 2858 877 2921 δὲ
907 2858 964 2920 καὶ
994 2852 1124 2922 τούτου
1155 2864 1193 2938 (0.
1211 2870 1238 2936 2,
1251 2871 1279 2942 3,

151 2965 274 3039 0141)
298 2968 388 3027 fuisse
422 2967 638 3043 existimemus,
669 2986 706 3026 ne
733 2974 795 3025 tum
826 2967 944 3043 quidem
977 2969 1048 3026 satis
1079 2968 1173 3043 liquet
1204 2969 1279 3027 haec

151 3073 226 3130 mira
260 3071 393 3145 gentium
417 3068 609 3128 enumeratio.
667 3070 776 3144 Neque
806 3071 882 3128 euim
915 3074 1148 3128 consentaneum
1180 3088 1279 3146 neque

151 3178 253 3250 aptum
278 3177 332 3250 est,
355 3190 457 3231 omnes
480 3171 616 3248 populos,
639 3172 689 3247 qui
707 3175 810 3230 tenent
833 3171 1050 3231 mediterranea
1072 3172 1142 3231 inde
1164 3174 1202 3231 ab
1225 3192 1280 3233 ora

151 3276 240 3334 maris
270 3274 380 3334 interni
412 3291 509 3349 usquo
540 3273 577 3332 ad
601 3293 681 3333 oram
706 3275 982 3350 septentrionalem,
1014 3275 1043 3333 in
1074 3273 1279 3335 Turdetaniae

151 3377 351 3454 descriptione
379 3382 447 3452 post
478 3377 620 3435 montium
644 3396 662 3435 a
684 3378 769 3435 Baeti
798 3395 892 3453 nsque
924 3377 960 3435 ad
984 3377 1103 3452 Tagum
1126 3377 1279 3453 pertinen·

150 3481 222 3539 tium
261 3480 571 3539 commemorationem
604 3480 689 3555 quasi
726 3497 781 3554 per
817 3479 1004 3538 occasionem
1039 3497 1279 3551 commemorare,

150 3600 249 3658 neque
265 3583 384 3641 omuino
400 3585 482 3640 recte
498 3581 609 3639 dicitur
633 3589 739 3656 gentes
756 3581 809 3639 lias
824 3586 905 3640 trans
922 3585 1037 3640 montes
1052 3581 1119 3640 illos
1135 3583 1279 3642 habitare.

152 3683 299 3759 Equidem
323 3691 407 3743 trans
423 3702 498 3758 quos
515 3691 630 3742 montes
647 3684 809 3760 Hispaniae
826 3684 881 3742 has
896 3689 1002 3759 gentes
1025 3685 1161 3743 habitare
1177 3685 1279 3744 dicere

150 3785 244 3859 liceat,
286 3803 409 3860 prorsus
439 3786 553 3862 ignoro.
599 3785 693 3858 Quam
725 3785 762 3844 ob
792 3805 854 3844 rem
885 3787 1072 3861 Brequiguyi
1103 3787 1279 3863 conjectura

149 3884 312 3964 ποταμῶν
334 3889 442 3948 omissa
464 3886 614 3948 Meiuekio
642 3889 795 3962 assentior,
826 3888 877 3964 qui
901 3907 956 3964 pro
980 3872 1072 3964 ὀρῶν
1095 3890 1186 3948 scribi
1211 3890 1278 3949 vult

149 3984 262 4066 μερῶν
284 3988 429 4064 (‚‚Viudic.
452 3991 589 4050 Strabon.
614 3985 706 4048 liber“
730 3994 834 4066 1026).
879 3989 937 4049 Sed
961 3997 1086 4067 apparot
1101 3991 1157 4050 hac
1180 4011 1277 4052 emen·

151 4091 270 4151 datione
312 4096 404 4150 totam
440 4112 501 4150 rem
533 4091 663 4150 nondum
696 4091 874 4150 difficultate
907 4093 985 4150 ouini
1018 4094 1172 4151 liberatam
1205 4113 1278 4154 essu.

150 4195 225 4252 Nam
245 4195 314 4270 jure
331 4195 487 4253 offensioni
504 4195 558 4252 l'uit
574 4193 769 4270 Groskumlio,
793 4194 874 4270 quod
890 4195 1006 4271 Strabo,
1022 4205 1178 4271 postquam
1195 4215 1277 4255 oram
