2858 4732
156 386 303 444 hocloco
327 404 384 444 non
411 384 604 459 intelligenda
627 388 705 443 sunt.
750 383 866 442 Deinde
890 401 961 442 vere
984 387 1153 458 sequuntur
1176 381 1280 440 verba:

159 482 215 544 καὶ
239 472 325 565 αἶ’τη
354 472 384 544 d'
411 481 477 544 ἐστὶ
509 483 600 545 πᾶσα
633 470 744 564 dyada}
774 480 827 543 xci
860 469 1038 562 εὐλίμενος.
1093 469 1172 544 Voce
1199 470 1281 562 adr-22

153 589 272 666 quidem
297 589 370 648 nihil
398 589 478 648 aliud
502 588 663 664 significari
687 592 787 665 petest
810 607 899 664 quam
923 607 994 647 orae
1017 606 1087 664 pars
1110 587 1146 645 ab
1170 586 1280 664 oppido

154 692 303 768 Emporiis
336 709 429 768 usque
463 693 501 750 ad
525 691 689 768 Hispaniae
723 691 797 750 lines
831 690 994 767 pertinens.
1038 691 1113 748 'l‘um
1138 709 1223 764 vcro,
1257 690 1280 748 si

159 779 411 870 τετταράκοντα
434 795 481 854 vel
504 795 590 853 etiam
622 788 784 870 τέτταρας
807 786 918 870 διέχοι·
941 787 1096 862 σταδίους
1119 793 1281 864 scribimus,

154 916 224 955 num
253 915 359 955 saurim
393 914 513 955 sensum
537 897 680 955 exhibent
710 896 802 954 verba
831 881 917 972 αὕτη
944 886 1022 953 ἐστὶ·
1043 891 1145 952 ardon
1170 878 1280 970 ἀγαθὴ
1363 898 1365 901 ’

153 992 210 1055 καὶ
233 982 463 1075 ετῖλὶμεναςὶ)
508 999 608 1072 Quare
631 998 688 1057 hcc
714 1016 862 1075 apparere
885 997 954 1055 mihi
978 996 1110 1070 videtur,
1140 997 1279 1056 maiorem

152 1101 282 1176 aliquem
310 1118 465 1159 numerum
500 1101 538 1158 ab
571 1099 760 1159 Artemidoro
792 1104 821 1159 ct
848 1097 994 1159 Strabone
1023 1098 1174 1175 preditum
1207 1117 1280 1158 esse.

152 1202 359 1279 Quaecunque
383 1221 454 1262 vero
486 1201 523 1260 de
556 1203 613 1261 hoc
645 1203 710 1261 loeo
734 1201 868 1261 sanando
891 1204 1060 1277 tentantur,
1088 1202 1187 1261 inania
1214 1219 1280 1261 csse

68 1345 72 1363 .
152 1305 222 1362 mihi
247 1303 387 1363 videntur
411 1310 441 1364 et
466 1304 550 1364 firmo
574 1304 636 1365 ullo
656 1307 833 1379 a1·gument0
857 1321 981 1380 prorsus
1003 1314 1120 1363 vacare.
1164 1303 1208 1362 Ae
1230 1323 1280 1380 pc·

151 1407 247 1482 riplus
270 1406 393 1481 quidem
417 1407 465 1465 ille
488 1408 534 1465 his
566 1407 665 1465 verbis
695 1405 795 1465 finitus
823 1410 876 1465 est.
924 1407 989 1464 Hoc
1020 1406 1096 1464 enim
1125 1405 1280 1465 enuntiato

155 1508 286 1569 breviter
302 1509 434 1585 quidem,
468 1509 521 1568 sed
538 1509 682 1568 concinne
706 1508 795 1568 etad
818 1508 925 1585 peripli
949 1509 1093 1568 rationem
1117 1527 1279 1568 accommo-

152 1611 222 1671 date
257 1630 328 1671 orae
352 1612 512 1687 descriptio
547 1611 583 1670 ad
618 1611 705 1670 finem
739 1611 884 1687 perducta
917 1615 970 1670 est.
1016 1610 1178 1687 Sequentia
1207 1630 1279 1672 vero

151 1713 233 1773 nullo
257 1714 362 1773 ordine
386 1714 589 1789 proferuntur.
635 1714 766 1772 Primum
790 1714 888 1773 verbis
913 1704 1065 1771 ἐνταῦθα
1088 1698 1117 1772 d'
1133 1705 1202 1772 ἐστὶ
1224 1709 1280 1772 καὶ

151 1815 375 1874 demonstratur
414 1816 646 1875 additamentum
679 1815 783 1874 subici.
833 1815 951 1874 Deinde
981 1819 1050 1891 post
1080 1816 1195 1893 oppidi,
1232 1817 1279 1875 eui

152 1917 260 1977 Rhode
283 1935 390 1977 nomen
415 1925 468 1994 est,
491 1919 800 1977 commemorationem
826 1935 931 1976 rursus
955 1917 993 1977 de
1016 1918 1165 1994 Emporiis
1188 1920 1279 1977 verba

151 2019 233 2078 fiurrt.
278 2022 416 2096 Denique
442 2022 471 2092 (ἓ
496 2024 526 2091 9)
551 2021 651 2080 verbis
676 2011 727 2097 dai
749 2014 784 2078 di
807 2014 863 2077 καὶ
886 2020 967 2079 fluvii
991 2020 1145 2080 cuiusdam
1170 2022 1278 2081 mentio

136 2122 197 2182 ¹lit:
221 2142 299 2199 quae
315 2124 414 2183 omnia
436 2124 611 2199 singillatim
628 2123 710 2182 nullo
726 2123 833 2200 peripli
858 2141 974 2182 conexu
992 2142 1083 2182 nuum
1099 2124 1136 2182 ad
1154 2125 1278 2184 alterum

150 2230 364 2285 annectuntur.
725 2297 727 2300 y
1230 2307 1233 2311 ἡ

237 2327 285 2387 Sic
318 2347 372 2404 per
407 2333 497 2387 totam
532 2347 612 2387 oram
648 2330 822 2387 maritimam
856 2329 1047 2405 primarium.
1070 2328 1278 2405 descriptionis

151 2431 262 2490 sontem
293 2431 434 2506 detegere
466 2435 495 2490 et
524 2430 669 2507 indagare
700 2432 798 2490 eonati
831 2449 942 2490 sumus.
994 2432 1055 2490 lam
1087 2432 1197 2490 dictum
1225 2437 1278 2509 est,

151 2533 255 2592 deesse
289 2532 370 2609 apud
394 2531 570 2592 Strabonem
601 2532 846 2609 septentrionalis
874 2552 945 2592 crae
978 2533 1206 2610 descriptionem
1231 2552 1277 2593 ac·

152 2640 284 2694 curatam
308 2640 337 2694 et
361 2637 468 2694 ceteris
485 2635 621 2712 partibus
637 2653 749 2711 parem.
794 2636 950 2711 Perpauca
966 2641 1063 2695 tamen
1087 2637 1179 2694 verba
1197 2639 1275 2713 quis·

151 2738 229 2814 piam
258 2740 380 2814 afferat,
411 2757 486 2814 quae
516 2739 609 2796 Instar
641 2737 729 2796 huius
752 2757 822 2797 crae
845 2739 954 2814 peripli
986 2737 1146 2797 videantur
1178 2745 1276 2816 e.3,7

152 2841 268 2901 0155
302 2834 389 2917 λέγω
423 2828 503 2911 τοὺς
534 2830 597 2918 τήν
618 2830 754 2918 βόρειον
785 2825 936 2918 πλευρὰν
966 2825 1190 2919 ἀφορίζοντας
1220 2837 1279 2920 τῆς

152 2927 299 3021 Ἰβηρίας,
316 2933 571 3013 Καλλαικοῦς
586 2937 650 3001 καὶ
663 2929 868 3022 Ἄστουρας
884 2938 939 3001 καὶ
952 2933 1172 3021 Καντάβρους
1186 2938 1279 3022 μέχρι

156 3030 363 3104 Odcoac'tuov
394 3041 450 3103 καὶ
473 3043 531 3124 τῆς
554 3036 719 3125 Πυρήνης.
758 3047 858 3106 Verba
881 3047 1038 3122 sequentia
1065 3046 1280 3124 demonstrant,

151 3147 291 3207 Straboni
324 3149 411 3208 etiam
442 3149 479 3207 de
510 3149 566 3207 hac
597 3168 666 3208 orae
689 3155 774 3224 parte
797 3149 886 3225 paulo
916 3148 1083 3224 copiosiora
1106 3148 1187 3225 apud
1210 3168 1277 3208 auc·

150 3257 255 3324 terem,
280 3270 339 3327 quc
363 3251 512 3328 utebatur,
535 3255 655 3327 praesto
671 3250 776 3327 fuisse,
806 3270 883 3327 quae
910 3256 1008 3311 tamen
1031 3256 1155 3328 propter
1177 3270 1276 3312 rerum

87 3373 89 3375 ·
150 3354 348 3430 gentiumque
388 3353 601 3428 ignobilitatem
643 3353 783 3428 neglexit.
843 3353 938 3413 Etiam
981 3355 1053 3412 haee
1085 3353 1276 3413 Artemidoro

150 3455 309 3514 tribuenda
333 3474 409 3531 csse,
430 3456 621 3532 aliquatenus
637 3455 783 3531 probatur
798 3455 844 3515 his
864 3456 965 3515 verbis
987 3457 1169 3533 comparatis
1186 3474 1209 3515 e
1222 3461 1275 3534 3‚3

151 3558 180 3617 G.
200 3553 316 3632 152l53
351 3545 471 3635 ὅμοροι
503 3546 532 3616 d'
555 3550 638 3616 eicio
664 3550 702 3615 ἐκ
733 3554 795 3616 τοῦ
824 3547 911 3634 πρὸς
941 3547 986 3615 i'm
1007 3551 1128 3635 μέρους
1151 3550 1183 3616 οἱ
1215 3553 1277 3635 μὲν

151 3654 373 3718 Καλλαικοὶ
394 3657 444 3738 τῷ
466 3644 772 3739 τώνΆστούρων
794 3650 903 3718 ’ἔθνει
925 3704 1003 3719 ...
1049 3660 1182 3721 Eandem
1198 3661 1275 3720 euim

150 3763 316 3822 invenimus
348 3763 573 3823 collocationem
602 3763 810 3823 Clallaicorum
848 3768 877 3822 et
906 3763 1084 3822 Asturorum
1123 3763 1169 3822 his
1203 3765 1276 3824 locis

151 3884 277 3940 quorum
301 3867 394 3926 altero
418 3867 638 3926 Artemidorum
663 3884 728 3926 esse
752 3870 903 3925 auctorem
927 3865 1203 3928 demonstravimus.

238 3970 330 4028 Nunc
353 3988 424 4030 vero
448 3989 482 4029 ea
506 3970 731 4046 perlustremus,
754 3987 832 4045 quae
847 3974 916 4045 post
931 3969 1037 4047 peripli
1060 3969 1147 4029 finem
1170 3969 1276 4030 Strabo

150 4071 180 4128 in
203 4073 327 4130 australi
353 4090 405 4130 ora
428 4071 624 4131 describenda
646 4070 768 4147 profert.
813 4071 856 4130 Ac
880 4071 1004 4146 primum
1028 4072 1146 4148 quidem
1170 4071 1275 4131 Rhode

150 4173 293 4248 oppidum
317 4177 575 4250 commemoratur,
597 4173 634 4232 de
651 4191 710 4250 quo
726 4178 894 4250 spectemus
918 4173 971 4234 hos
987 4175 1080 4234 locos:
1104 4175 1181 4234 XIV.
1198 4179 1224 4246 2,
1236 4179 1275 4236 10

1051 4291 1066 4338 3
