2858 4732
188 214 228 274 32

188 387 394 446 Eratosthenis
417 387 565 462 quaslibet
587 388 749 446 sententias
773 406 832 446 non
855 390 962 447 afferat
985 390 1040 446 nisi
1064 388 1314 462 abgArtemidoro

188 491 371 566 improbatas
400 489 447 547 vel
469 488 632 564 refutatas,
660 488 724 547 fieri
749 508 807 548 non
831 493 943 565 potest,
973 492 1045 564 quin
1076 490 1249 549 Strabonem
1282 494 1315 549 in

188 593 244 650 liae
267 596 351 666 parte
376 592 495 649 omnino
519 610 577 650 non
596 609 680 649 usum
704 609 770 650 esse
792 593 1000 651 Eratosthenis
1023 592 1231 668 descriptione,
1256 592 1312 651 sed

156 698 157 702 ’
188 712 264 769 quas
287 695 350 753 eius
384 694 548 752 sententias
570 692 732 768 proferret,
765 712 815 751 eas
849 713 886 752 ex
909 694 1091 754 Artemidori
1115 695 1229 771 periplo
1261 695 1315 753 de-

188 797 368 872 prompsisse
392 792 637 865 existimemns¹lz
669 795 750 869 quod
781 797 885 854 mirum
918 815 977 855 non
1000 796 1126 864 videtur,
1159 797 1315 871 cumipse

188 899 268 957 dieat
291 899 327 955 ll.
346 901 421 973 1,41
448 897 478 956 C.
495 900 547 957 93:
570 891 627 954 καὶ
649 893 714 954 νῦν
737 884 767 954 d’
788 887 937 975 εἰρήσθω
962 884 1015 955 ὅτι
1037 892 1094 954 καὶ
1115 891 1317 975 Τιμοσθένης

188 994 243 1057 καὶ
259 983 500 1077 Ἐρατοσθένης
515 992 571 1055 καὶ
587 990 618 1055 ol
636 988 684 1056 lu
699 988 833 1056 τούτων
849 989 1012 1077 πρότεροι
1030 993 1151 1069 τελέως
1166 983 1317 1077 ἠγνόουν

188 1091 231 1159 τοί
252 1118 288 1158 τε
311 1086 455 1178 Ἰβηρικὰ
477 1098 547 1158 κτλ.

714 1274 731 1341 ἓ
757 1278 785 1330 8.

273 1393 338 1450 Hae
361 1410 423 1468 par.
438 1392 568 1450 breviter
591 1393 707 1468 reliqua
722 1393 885 1468 Hispaniae
905 1412 957 1451 ora
973 1393 1155 1469 depingitur.
1200 1394 1313 1469 Populi

189 1497 239 1573 qui
263 1495 455 1554 nominantur
477 1488 643 1572 Λεητανοί
673 1499 703 1553 et
725 1491 986 1573 Λαρτολοιιῆται,
1017 1496 1053 1554 ab
1078 1495 1191 1555 Ukerto
1215 1495 1266 1570 (ll,
1284 1499 1317 1571 1',

189 1617 217 1674 p.
233 1594 364 1671 stelle)
401 1604 599 1656 aoeensentur
631 1597 784 1673 lndioetis‚
821 1616 896 1674 quos
932 1599 1039 1657 Strabo
1071 1596 1311 1674 e.4,10.1ee

188 1693 418 1778 μεμερισμένοι
441 1692 583 1777 τέτραχα
606 1698 693 1757 dieit:
726 1699 807 1776 quod
828 1701 878 1758 ille
908 1701 1015 1759 iniuria
1042 1719 1216 1759 asseverare
1242 1700 1317 1759 milri

189 1804 315 1862 videtur.
374 1804 450 1861 Nam
488 1803 615 1878 primum
645 1802 868 1878 perspicuitatis
907 1821 997 1862 eausa
1028 1803 1179 1862 ludieetas
1208 1805 1317 1863 iterum

190 1906 333 1965 nominari
362 1905 525 1980 oportebat.
570 1905 647 1962 Tum
680 1911 778 1962 antem
811 1905 840 1962 lri
862 1905 983 1981 populi,
1014 1905 1121 1981 quibus
1150 1904 1317 1964 seeundum

189 2006 336 2067 Ukertum
360 2006 427 2064 illae
450 2010 593 2082 quattuor
616 2009 717 2082 partes
740 2005 945 2082 eontinentur,
975 2012 1083 2065 terram
1107 2008 1183 2065 inter
1205 2007 1318 2064 Tarra-

190 2127 294 2168 eonem
318 2114 347 2167 et
370 2109 525 2185 Emporias
547 2111 632 2167 sitam
653 2109 789 2169 habitare
812 2107 961 2168 dicuntur.
1006 2108 1159 2167 lndieetae
1182 2126 1253 2167 vero
1278 2110 1316 2167 ab

189 2211 267 2270 Iberi
297 2212 371 2270 ostio
401 2229 496 2287 usque
525 2211 563 2269 ad
593 2212 715 2285 Pompei
748 2217 872 2287 tropaea
902 2212 1056 2287 pertinent
1086 2212 1156 2281 (4,1
1181 2209 1316 2282 (2156).

190 2315 249 2372 lam
281 2313 417 2372 videmus
449 2315 526 2373 inter
557 2314 610 2371 lios
641 2322 670 2372 ot
700 2313 768 2372 illos
798 2314 941 2373 rationem
969 2314 1080 2373 nnllam
1112 2312 1314 2372 intercederet

190 2416 270 2492 quod
301 2417 374 2474 nilril
404 2416 493 2474 habet
516 2416 701 2490 offensionis,
732 2434 797 2475 eum
829 2416 1061 2474 exauctoribus
1088 2415 1214 2474 diversis
1238 2415 1318 2473 haee

192 2520 299 2578 hausta
322 2536 386 2579 esse
408 2520 646 2594 cognoverimus.
691 2519 807 2578 Deinde
830 2519 867 2577 de
891 2518 1047 2576 intervallo
1064 2519 1143 2576 inter
1158 2515 1316 2592 Emporias

193 2629 223 2680 et
250 2621 364 2680 Galliae
388 2623 611 2698 llispaniaeque
641 2621 770 2681 confinia
801 2620 954 2679 eodieibus
986 2619 1096 2678 tradita
1125 2628 1195 2678 sunt
1224 2619 1318 2677 verba

190 2707 272 2781 ὅσον
294 2712 584 2800 τετρακισχιλίους
601 2718 758 2791 σταδίους
775 2722 931 2782 manifesto
951 2729 1105 2797 eorrupta.
1150 2719 1318 2781 llleinekins

191 2826 307 2902 quidem
331 2827 544 2902 plerorumque
561 2827 736 2886 sententiam
761 2833 881 2884 seeutns
903 2814 1155 2901 τετταράκοννα
1178 2824 1207 2880 in
1224 2823 1318 2881 verba

191 2930 346 3004 seripturis
375 2930 497 3004 recepit.
549 2930 608 2987 Viri
639 2928 719 2988 dooti
754 2929 832 2986 enim
862 2929 949 2986 l'aeile
982 2927 1196 3002 intelligentes,
1226 2943 1315 3001 quam

190 3031 279 3106 longe
302 3032 350 3089 hie
365 3032 520 3091 Strabonis
544 3049 719 3091 numerusa
741 3049 813 3089 vera
836 3031 922 3107 spatii
946 3029 1131 3104 longitudine
1154 3027 1319 3103 recederet,

191 3135 286 3192 seeuti
310 3139 380 3192 sunt
403 3133 594 3202 Palmerium‚
625 3134 675 3209 qui
707 3133 751 3191 eis
773 3133 846 3191 loeis
869 3136 1005 3191 versatus
1038 3130 1236 3208 quadraginta
1266 3130 1317 3188 vel

191 3237 216 3294 si
239 3235 276 3292 ad
299 3224 476 3312 πρόποὸας
492 3225 649 3313 Πυρήνης
666 3240 900 3310 computaretur,
923 3239 1064 3310 quattuor
1080 3238 1195 3291 tantum
1218 3231 1319 3290 stadia

193 3355 259 3395 esse
283 3339 475 3397 asseveravit.
519 3340 588 3397 Non
612 3345 694 3396 reete
718 3339 774 3396 lroe
790 3337 934 3412 lecerunt,
958 3345 990 3394 ut
1006 3336 1073 3393 milri
1097 3334 1226 3409 videtur,
1249 3351 1317 3392 eum

192 3439 267 3498 duas
297 3459 346 3498 res
375 3441 571 3515 negligerent.
621 3441 752 3499 Primum
780 3441 857 3498 enim
890 3439 961 3497 dieit
987 3437 1095 3497 Strabo
1125 3430 1236 3513 διέχον
1257 3432 1318 3512 τῆς

193 3531 350 3620 Πυρήνης
370 3537 429 3599 καὶ
452 3538 521 3600 τῶν
543 3537 716 3619 μεθορίων
738 3539 797 3618 τῆς
813 3525 944 3618 Ἰβηρίας
959 3530 1044 3618 πρὸς
1065 3529 1127 3618 την
1142 3526 1316 3616 Κελτικήν.

194 3644 320 3703 Ubinam
344 3645 418 3704 haee
441 3644 569 3703 eontinia
592 3646 662 3718 sint,
685 3647 751 3720 quis
766 3653 812 3703 est
834 3645 885 3720 qui
902 3650 984 3703 eerto
1000 3641 1196 3701 determinet?
1241 3641 1317 3700 Nam

194 3745 268 3805 haee
301 3748 394 3806 verba
427 3766 463 3805 ex
486 3746 667 3806 Artemidori
699 3747 816 3822 periplo
848 3748 942 3822 petita
974 3748 1052 3820 sunt,
1087 3746 1138 3819 qni
1172 3744 1221 3802 ubi
1244 3741 1318 3800 fines

195 3847 308 3909 Galliae
331 3856 361 3908 et
382 3850 546 3925 Hispaniae
569 3849 712 3926 posuerit,
734 3850 892 3907 nesoimus.
938 3849 1025 3907 Certe
1047 3847 1171 3922 Pompei
1192 3850 1318 3920 tropaea

282 4012 302 4076 ¹)
319 4009 428 4065 Heeren
446 4011 612 4079 (comment.
631 4027 685 4064 soe.
705 4025 762 4077 rog.
781 4010 857 4063 Gott.
884 4009 919 4062 V.
938 4027 964 4077 p.
987 4009 1042 4078 tlt)
1067 4024 1123 4062 non
1151 4007 1218 4060 satis
1242 4013 1318 4059 reete

195 4095 277 4161 dixit:
299 4095 509 4150 Eretmtbmm
522 4110 633 4148 eumne
645 4110 736 4149 rerum
749 4094 960 4173 Hispaniearum
974 4111 1026 4148 non
1042 4093 1188 4146 aluredum
1201 4107 1316 4157 gnarum

194 4180 284 4237 t'uiw·
741 4178 816 4235 entus
832 4179 936 4233 eelim
952 4181 1065 4247 oon-igit
1084 4195 1117 4232 ex
1131 4177 1309 4231 Artemidoro
