<?xml version="1.0" encoding="UTF-8"?>
<!DOCTYPE html PUBLIC "-//W3C//DTD XHTML 1.0 Transitional//EN"
    "http://www.w3.org/TR/xhtml1/DTD/xhtml1-transitional.dtd">
<html xmlns="http://www.w3.org/1999/xhtml" xml:lang="en" lang="en">
 <head>
  <title>
</title>
<meta http-equiv="Content-Type" content="text/html;charset=utf-8" />
  <meta name='ocr-system' content='tesseract 3.04.00' />
  <meta name='ocr-capabilities' content='ocr_page ocr_carea ocr_par ocr_line ocrx_word'/>
</head>
<body>
  <div class='ocr_page' id='page_1' title='image "./quibusauctoribu00zimmgoog_0018.png"; bbox 0 0 2858 4732; ppageno 0'>
   <div class='ocr_carea' id='block_1_1' title="bbox 1239 228 1273 284">
    <p class='ocr_par' dir='ltr' id='par_1_1' title="bbox 1239 228 1273 284">
     <span class='ocr_line' id='line_1_1' title="bbox 1239 228 1273 284; baseline 0.029 -1"><span class='ocrx_word' id='word_1_1' title='bbox 1239 228 1273 284; x_wconf 76' lang='lat'>13</span> 
     </span>
    </p>
   </div>
   <div class='ocr_carea' id='block_1_2' title="bbox 106 384 1278 2728">
    <p class='ocr_par' dir='ltr' id='par_1_2' title="bbox 106 384 1278 2728">
     <span class='ocr_line' id='line_1_2' title="bbox 151 384 1275 475; baseline -0.001 -21"><span class='ocrx_word' id='word_1_2' title='bbox 151 414 201 454; x_wconf 83' lang='grc' dir='ltr'>νει</span> <span class='ocrx_word' id='word_1_3' title='bbox 225 391 260 456; x_wconf 75' lang='grc' dir='ltr'>δὲ</span> <span class='ocrx_word' id='word_1_4' title='bbox 282 384 302 475; x_wconf 79' lang='grc' dir='ltr'><em>ἡ</em></span> <span class='ocrx_word' id='word_1_5' title='bbox 324 387 416 474; x_wconf 82' lang='grc' dir='ltr'><strong><em>χώρα</em></strong></span> <span class='ocrx_word' id='word_1_6' title='bbox 438 384 524 475; x_wconf 74' lang='grc' dir='ltr'><strong><em>αὕτη</em></strong></span> <span class='ocrx_word' id='word_1_7' title='bbox 548 384 567 473; x_wconf 77' lang='grc' dir='ltr'><em>ἡ</em></span> <span class='ocrx_word' id='word_1_8' title='bbox 592 384 687 465; x_wconf 73' lang='grc' dir='ltr'><strong><em>ἐντὸς</em></strong></span> <span class='ocrx_word' id='word_1_9' title='bbox 711 384 860 455; x_wconf 64' lang='lat' dir='ltr'>coellec</span> <span class='ocrx_word' id='word_1_10' title='bbox 875 422 916 442; x_wconf 85' lang='lat'>=</span> <span class='ocrx_word' id='word_1_11' title='bbox 933 415 956 455; x_wconf 94' lang='lat' dir='ltr'>c.</span> <span class='ocrx_word' id='word_1_12' title='bbox 973 403 1043 474; x_wconf 82' lang='lat'>2,1:</span> <span class='ocrx_word' id='word_1_13' title='bbox 1067 385 1218 475; x_wconf 71' lang='grc' dir='ltr'><strong><em>ἀφορίζει</em></strong></span> <span class='ocrx_word' id='word_1_14' title='bbox 1242 389 1275 454; x_wconf 74' lang='grc' dir='ltr'>δὲ</span> 
     </span>
     <span class='ocr_line' id='line_1_3' title="bbox 151 485 1277 578; baseline 0 -21"><span class='ocrx_word' id='word_1_15' title='bbox 151 486 261 577; x_wconf 74' lang='grc' dir='ltr'><strong><em>αὐτὴν</em></strong></span> <span class='ocrx_word' id='word_1_16' title='bbox 282 489 368 576; x_wconf 85' lang='grc' dir='ltr'><strong><em>πρὸς</em></strong></span> <span class='ocrx_word' id='word_1_17' title='bbox 388 493 449 577; x_wconf 77' lang='grc' dir='ltr'>μὲν</span> <span class='ocrx_word' id='word_1_18' title='bbox 471 487 534 578; x_wconf 79' lang='grc' dir='ltr'>τὴν</span> <span class='ocrx_word' id='word_1_19' title='bbox 550 488 707 577; x_wconf 72' lang='grc' dir='ltr'>ιἑσπέραν</span> <span class='ocrx_word' id='word_1_20' title='bbox 731 493 786 556; x_wconf 84' lang='grc' dir='ltr'>καὶ</span> <span class='ocrx_word' id='word_1_21' title='bbox 814 487 941 575; x_wconf 80' lang='grc' dir='ltr'><strong><em>ίίρκτον</em></strong></span> <span class='ocrx_word' id='word_1_22' title='bbox 964 486 982 556; x_wconf 81' lang='grc' dir='ltr'><em>ὃ</em></span> <span class='ocrx_word' id='word_1_23' title='bbox 1006 485 1096 569; x_wconf 50' lang='lat' dir='ltr'>ilvae</span> <span class='ocrx_word' id='word_1_24' title='bbox 1126 489 1277 575; x_wconf 77' lang='grc' dir='ltr'><strong><em>ποταμός</em></strong></span> 
     </span>
     <span class='ocr_line' id='line_1_4' title="bbox 152 585 1276 680; baseline -0.003 -18"><span class='ocrx_word' id='word_1_25' title='bbox 152 608 264 672; x_wconf 76' lang='lat' dir='ltr'>c.1‚6:</span> <span class='ocrx_word' id='word_1_26' title='bbox 287 591 373 679; x_wconf 83' lang='grc' dir='ltr'><strong><em>πρὸς</em></strong></span> <span class='ocrx_word' id='word_1_27' title='bbox 396 591 440 658; x_wconf 72' lang='lat' dir='ltr'>l&#39;ua</span> <span class='ocrx_word' id='word_1_28' title='bbox 464 595 525 678; x_wconf 72' lang='grc' dir='ltr'>μὲν</span> <span class='ocrx_word' id='word_1_29' title='bbox 546 595 639 678; x_wconf 73' lang='grc' dir='ltr'><strong><em>μέχρι</em></strong></span> <span class='ocrx_word' id='word_1_30' title='bbox 662 585 983 680; x_wconf 64' lang='grc' dir='ltr'><strong><em>τῆςίὶρητανίαςτε</em></strong></span> <span class='ocrx_word' id='word_1_31' title='bbox 1000 621 1024 659; x_wconf 84' lang='lat' dir='ltr'>c.</span> <span class='ocrx_word' id='word_1_32' title='bbox 1041 606 1113 677; x_wconf 79' lang='grc'>2,1;</span> <span class='ocrx_word' id='word_1_33' title='bbox 1136 592 1221 678; x_wconf 83' lang='grc' dir='ltr'><strong><em>πρὸς</em></strong></span> <span class='ocrx_word' id='word_1_34' title='bbox 1242 595 1276 659; x_wconf 80' lang='grc' dir='ltr'>δὲ</span> 
     </span>
     <span class='ocr_line' id='line_1_5' title="bbox 150 689 1277 784; baseline -0.002 -21"><span class='ocrx_word' id='word_1_35' title='bbox 150 695 214 783; x_wconf 75' lang='grc' dir='ltr'>τήν</span> <span class='ocrx_word' id='word_1_36' title='bbox 230 694 274 762; x_wconf 72' lang='grc' dir='ltr'>ἕω</span> <span class='ocrx_word' id='word_1_37' title='bbox 286 701 523 784; x_wconf 77' lang='grc' dir='ltr'><strong><em>Καρπητανών</em></strong></span> <span class='ocrx_word' id='word_1_38' title='bbox 536 698 572 761; x_wconf 79' lang='grc' dir='ltr'>τί</span> <span class='ocrx_word' id='word_1_39' title='bbox 582 721 670 773; x_wconf 65' lang='grc' dir='ltr'><strong><em>τινες</em></strong></span> <span class='ocrx_word' id='word_1_40' title='bbox 686 699 742 760; x_wconf 85' lang='grc' dir='ltr'>καὶ</span> <span class='ocrx_word' id='word_1_41' title='bbox 757 689 928 783; x_wconf 75' lang='grc' dir='ltr'><strong><em>Ώρητανοί</em></strong></span> <span class='ocrx_word' id='word_1_42' title='bbox 945 723 969 762; x_wconf 91' lang='lat' dir='ltr'>e.</span> <span class='ocrx_word' id='word_1_43' title='bbox 984 710 1010 780; x_wconf 91' lang='lat'>1,</span> <span class='ocrx_word' id='word_1_44' title='bbox 1024 710 1054 763; x_wconf 77' lang='lat' dir='ltr'>e:</span> <span class='ocrx_word' id='word_1_45' title='bbox 1069 691 1154 780; x_wconf 68' lang='grc' dir='ltr'><strong><em>πρὸς·</em></strong></span> <span class='ocrx_word' id='word_1_46' title='bbox 1175 694 1277 763; x_wconf 80' lang='grc' dir='ltr'>νότον</span> 
     </span>
     <span class='ocr_line' id='line_1_6' title="bbox 152 791 1276 884; baseline -0.003 -19"><span class='ocrx_word' id='word_1_47' title='bbox 152 802 187 865; x_wconf 79' lang='grc' dir='ltr'>δὲ</span> <span class='ocrx_word' id='word_1_48' title='bbox 209 802 303 884; x_wconf 79' lang='grc' dir='ltr'><strong><em>μέχρι</em></strong></span> <span class='ocrx_word' id='word_1_49' title='bbox 325 804 383 883; x_wconf 76' lang='grc' dir='ltr'>τῆς</span> <span class='ocrx_word' id='word_1_50' title='bbox 405 801 572 883; x_wconf 77' lang='grc' dir='ltr'><strong><em>παραλίας</em></strong></span> <span class='ocrx_word' id='word_1_51' title='bbox 593 801 654 884; x_wconf 82' lang='grc' dir='ltr'>τῆς</span> <span class='ocrx_word' id='word_1_52' title='bbox 675 791 742 864; x_wconf 78' lang='grc' dir='ltr'>α’πό</span> <span class='ocrx_word' id='word_1_53' title='bbox 758 803 829 863; x_wconf 76' lang='grc' dir='ltr'>τῶν</span> <span class='ocrx_word' id='word_1_54' title='bbox 844 799 997 879; x_wconf 76' lang='grc' dir='ltr'><strong><em>ἐκβολῶν</em></strong></span> <span class='ocrx_word' id='word_1_55' title='bbox 1013 804 1075 865; x_wconf 75' lang='grc' dir='ltr'>ταῦ</span> <span class='ocrx_word' id='word_1_56' title='bbox 1089 795 1162 866; x_wconf 63' lang='lat' dir='ltr'>{liro</span> <span class='ocrx_word' id='word_1_57' title='bbox 1184 801 1276 884; x_wconf 70' lang='grc' dir='ltr'><strong><em>μέχρι</em></strong></span> 
     </span>
     <span class='ocr_line' id='line_1_7' title="bbox 150 898 1277 989; baseline -0.003 -21"><span class='ocrx_word' id='word_1_58' title='bbox 150 906 287 988; x_wconf 77' lang='grc' dir='ltr'><em>στηλῶν</em></span> <span class='ocrx_word' id='word_1_59' title='bbox 313 934 354 954; x_wconf 91' lang='lat'>=</span> <span class='ocrx_word' id='word_1_60' title='bbox 385 928 408 968; x_wconf 91' lang='lat' dir='ltr'>e.</span> <span class='ocrx_word' id='word_1_61' title='bbox 426 914 495 983; x_wconf 77' lang='lat'>2,1:</span> <span class='ocrx_word' id='word_1_62' title='bbox 526 899 611 986; x_wconf 83' lang='grc' dir='ltr'><strong><em>πρὸς</em></strong></span> <span class='ocrx_word' id='word_1_63' title='bbox 642 898 745 966; x_wconf 83' lang='grc' dir='ltr'><strong><em>νότον</em></strong></span> <span class='ocrx_word' id='word_1_64' title='bbox 776 902 811 966; x_wconf 76' lang='grc' dir='ltr'>δὲ</span> <span class='ocrx_word' id='word_1_65' title='bbox 834 906 1062 989; x_wconf 74' lang='grc' dir='ltr'><strong><em>Βαστηταν.ἀ”)ν</em></strong></span> <span class='ocrx_word' id='word_1_66' title='bbox 1095 901 1126 965; x_wconf 82' lang='lat' dir='ltr'>ol</span> <span class='ocrx_word' id='word_1_67' title='bbox 1155 899 1277 984; x_wconf 64' lang='lat' dir='ltr'>peregri</span> 
     </span>
     <span class='ocr_line' id='line_1_8' title="bbox 149 1001 1276 1091; baseline -0.001 -22"><span class='ocrx_word' id='word_1_68' title='bbox 149 1007 208 1091; x_wconf 78' lang='grc' dir='ltr'>τῆς</span> <span class='ocrx_word' id='word_1_69' title='bbox 231 1001 370 1090; x_wconf 81' lang='grc' dir='ltr'><strong><em>Κάλπης</em></strong></span> <span class='ocrx_word' id='word_1_70' title='bbox 392 1004 543 1068; x_wconf 79' lang='grc' dir='ltr'><strong><em>καὶτῶν</em></strong></span> <span class='ocrx_word' id='word_1_71' title='bbox 567 1005 741 1087; x_wconf 75' lang='grc' dir='ltr'><strong><em>Γαδείρων</em></strong></span> <span class='ocrx_word' id='word_1_72' title='bbox 763 1001 881 1089; x_wconf 66' lang='grc' dir='ltr'><strong><em>στενὴν</em></strong></span> <span class='ocrx_word' id='word_1_73' title='bbox 898 1001 1074 1088; x_wconf 64' lang='grc' dir='ltr'><strong><em>νεμόμενοι</em></strong></span> <span class='ocrx_word' id='word_1_74' title='bbox 1097 1006 1276 1089; x_wconf 85' lang='grc' dir='ltr'><strong><em>παραλίαν,</em></strong></span> 
     </span>
     <span class='ocr_line' id='line_1_9' title="bbox 150 1096 1277 1192; baseline -0.001 -21"><span class='ocrx_word' id='word_1_75' title='bbox 150 1109 207 1181; x_wconf 81' lang='grc' dir='ltr'>καὶ</span> <span class='ocrx_word' id='word_1_76' title='bbox 228 1096 248 1191; x_wconf 77' lang='grc' dir='ltr'><em>ἦ</em></span> <span class='ocrx_word' id='word_1_77' title='bbox 274 1103 347 1192; x_wconf 72' lang='grc' dir='ltr'>ἑξῆς</span> <span class='ocrx_word' id='word_1_78' title='bbox 368 1100 525 1171; x_wconf 77' lang='grc' dir='ltr'><strong><em>θάλαττα</em></strong></span> <span class='ocrx_word' id='word_1_79' title='bbox 552 1106 644 1189; x_wconf 80' lang='grc' dir='ltr'><strong><em>μέχρι</em></strong></span> <span class='ocrx_word' id='word_1_80' title='bbox 669 1101 742 1172; x_wconf 76' lang='grc' dir='ltr'>Ἄνα</span> <span class='ocrx_word' id='word_1_81' title='bbox 760 1159 765 1169; x_wconf 96' lang='grc'><em>.</em></span> <span class='ocrx_word' id='word_1_82' title='bbox 783 1107 837 1169; x_wconf 86' lang='grc' dir='ltr'>καὶ</span> <span class='ocrx_word' id='word_1_83' title='bbox 869 1104 901 1169; x_wconf 83' lang='lat' dir='ltr'>ol</span> <span class='ocrx_word' id='word_1_84' title='bbox 925 1107 1137 1191; x_wconf 81' lang='grc' dir='ltr'><strong><em>Βαστητανοὶ</em></strong></span> <span class='ocrx_word' id='word_1_85' title='bbox 1161 1106 1195 1171; x_wconf 76' lang='grc' dir='ltr'>δὲ</span> <span class='ocrx_word' id='word_1_86' title='bbox 1218 1099 1277 1182; x_wconf 69' lang='grc' dir='ltr'>οὓς</span> 
     </span>
     <span class='ocr_line' id='line_1_10' title="bbox 150 1204 1278 1294; baseline 0 -20"><span class='ocrx_word' id='word_1_87' title='bbox 150 1205 248 1274; x_wconf 67' lang='grc' dir='ltr'><strong><em>εἶπον</em></strong></span> <span class='ocrx_word' id='word_1_88' title='bbox 275 1211 316 1291; x_wconf 75' lang='grc' dir='ltr'>τῇ</span> <span class='ocrx_word' id='word_1_89' title='bbox 348 1209 576 1294; x_wconf 63' lang='lat' dir='ltr'>responsaria</span> <span class='ocrx_word' id='word_1_90' title='bbox 605 1204 821 1292; x_wconf 75' lang='grc' dir='ltr'><strong><em>πρόσκεινται</em></strong></span> <span class='ocrx_word' id='word_1_91' title='bbox 929 1215 1152 1288; x_wconf 78' lang='lat' dir='ltr'>Quaerentibus</span> <span class='ocrx_word' id='word_1_92' title='bbox 1183 1217 1278 1293; x_wconf 74' lang='lat' dir='ltr'>nobis,</span> 
     </span>
     <span class='ocr_line' id='line_1_11' title="bbox 151 1318 1276 1395; baseline -0.002 -17"><span class='ocrx_word' id='word_1_93' title='bbox 151 1337 300 1394; x_wconf 88' lang='lat' dir='ltr'>quaenam</span> <span class='ocrx_word' id='word_1_94' title='bbox 325 1319 364 1377; x_wconf 85' lang='lat' dir='ltr'>sit</span> <span class='ocrx_word' id='word_1_95' title='bbox 385 1336 478 1377; x_wconf 82' lang='lat' dir='ltr'>causa</span> <span class='ocrx_word' id='word_1_96' title='bbox 506 1319 594 1376; x_wconf 88' lang='lat' dir='ltr'>huius</span> <span class='ocrx_word' id='word_1_97' title='bbox 626 1319 836 1395; x_wconf 78' lang='lat' dir='ltr'>neglegentiae</span> <span class='ocrx_word' id='word_1_98' title='bbox 859 1326 1000 1394; x_wconf 86' lang='lat' dir='ltr'>utquam</span> <span class='ocrx_word' id='word_1_99' title='bbox 1023 1319 1060 1378; x_wconf 92' lang='lat' dir='ltr'>ob</span> <span class='ocrx_word' id='word_1_100' title='bbox 1083 1338 1145 1378; x_wconf 93' lang='lat' dir='ltr'>rem</span> <span class='ocrx_word' id='word_1_101' title='bbox 1168 1318 1276 1384; x_wconf 82' lang='lat' dir='ltr'>Strabo</span> 
     </span>
     <span class='ocr_line' id='line_1_12' title="bbox 150 1419 1276 1498; baseline -0.001 -18"><span class='ocrx_word' id='word_1_102' title='bbox 150 1421 196 1482; x_wconf 89' lang='lat' dir='ltr'>bis</span> <span class='ocrx_word' id='word_1_103' title='bbox 218 1419 422 1481; x_wconf 81' lang='lat' dir='ltr'>Turdetaniae</span> <span class='ocrx_word' id='word_1_104' title='bbox 438 1419 669 1497; x_wconf 75' lang='lat' dir='ltr'>descriptionem</span> <span class='ocrx_word' id='word_1_105' title='bbox 685 1439 704 1478; x_wconf 90' lang='lat' dir='ltr'>a</span> <span class='ocrx_word' id='word_1_106' title='bbox 725 1419 826 1480; x_wconf 91' lang='lat' dir='ltr'>finium</span> <span class='ocrx_word' id='word_1_107' title='bbox 844 1420 1050 1497; x_wconf 77' lang='lat' dir='ltr'>designatione</span> <span class='ocrx_word' id='word_1_108' title='bbox 1080 1421 1217 1498; x_wconf 88' lang='lat' dir='ltr'>incipiat,</span> <span class='ocrx_word' id='word_1_109' title='bbox 1246 1421 1276 1480; x_wconf 92' lang='lat' dir='ltr'>id</span> 
     </span>
     <span class='ocr_line' id='line_1_13' title="bbox 151 1522 1277 1600; baseline 0.001 -18"><span class='ocrx_word' id='word_1_110' title='bbox 151 1522 370 1600; x_wconf 88' lang='lat' dir='ltr'>respiciendum</span> <span class='ocrx_word' id='word_1_111' title='bbox 401 1528 459 1597; x_wconf 90' lang='lat' dir='ltr'>est,</span> <span class='ocrx_word' id='word_1_112' title='bbox 488 1522 568 1598; x_wconf 90' lang='lat' dir='ltr'>quod</span> <span class='ocrx_word' id='word_1_113' title='bbox 600 1522 657 1582; x_wconf 89' lang='lat' dir='ltr'>iam</span> <span class='ocrx_word' id='word_1_114' title='bbox 689 1541 743 1599; x_wconf 90' lang='lat' dir='ltr'>per</span> <span class='ocrx_word' id='word_1_115' title='bbox 772 1528 864 1582; x_wconf 84' lang='lat' dir='ltr'>totam</span> <span class='ocrx_word' id='word_1_116' title='bbox 895 1523 924 1582; x_wconf 89' lang='lat' dir='ltr'>h.</span> <span class='ocrx_word' id='word_1_117' title='bbox 953 1542 1016 1599; x_wconf 83' lang='lat' dir='ltr'>par.</span> <span class='ocrx_word' id='word_1_118' title='bbox 1045 1523 1277 1583; x_wconf 89' lang='lat' dir='ltr'>observavimus.</span> 
     </span>
     <span class='ocr_line' id='line_1_14' title="bbox 106 1624 1276 1702; baseline 0.001 -17"><span class='ocrx_word' id='word_1_119' title='bbox 106 1671 111 1685; x_wconf 46' lang='lat'>2</span> <span class='ocrx_word' id='word_1_120' title='bbox 149 1625 327 1686; x_wconf 81' lang='lat' dir='ltr'>Strabonem</span> <span class='ocrx_word' id='word_1_121' title='bbox 351 1626 428 1684; x_wconf 92' lang='lat' dir='ltr'>euim</span> <span class='ocrx_word' id='word_1_122' title='bbox 452 1624 580 1684; x_wconf 92' lang='lat' dir='ltr'>vidimus</span> <span class='ocrx_word' id='word_1_123' title='bbox 602 1625 632 1684; x_wconf 92' lang='lat' dir='ltr'>in</span> <span class='ocrx_word' id='word_1_124' title='bbox 655 1625 712 1684; x_wconf 91' lang='lat' dir='ltr'>hac</span> <span class='ocrx_word' id='word_1_125' title='bbox 732 1645 759 1701; x_wconf 90' lang='lat' dir='ltr'>p.</span> <span class='ocrx_word' id='word_1_126' title='bbox 775 1644 834 1685; x_wconf 95' lang='lat' dir='ltr'>nou</span> <span class='ocrx_word' id='word_1_127' title='bbox 853 1643 942 1684; x_wconf 93' lang='lat' dir='ltr'>unum</span> <span class='ocrx_word' id='word_1_128' title='bbox 959 1627 1102 1702; x_wconf 89' lang='lat' dir='ltr'>imprimis</span> <span class='ocrx_word' id='word_1_129' title='bbox 1124 1632 1276 1686; x_wconf 89' lang='lat' dir='ltr'>auctorem</span> 
     </span>
     <span class='ocr_line' id='line_1_15' title="bbox 150 1726 1278 1805; baseline -0.001 -16"><span class='ocrx_word' id='word_1_130' title='bbox 150 1728 249 1805; x_wconf 89' lang='lat' dir='ltr'>sequi,</span> <span class='ocrx_word' id='word_1_131' title='bbox 279 1726 331 1787; x_wconf 90' lang='lat' dir='ltr'>sed</span> <span class='ocrx_word' id='word_1_132' title='bbox 356 1727 394 1787; x_wconf 90' lang='lat' dir='ltr'>ad</span> <span class='ocrx_word' id='word_1_133' title='bbox 426 1727 635 1804; x_wconf 73' lang='lat' dir='ltr'>descriptionis</span> <span class='ocrx_word' id='word_1_134' title='bbox 668 1728 883 1788; x_wconf 86' lang='lat' dir='ltr'>institutionem</span> <span class='ocrx_word' id='word_1_135' title='bbox 906 1747 924 1786; x_wconf 89' lang='lat' dir='ltr'>a</span> <span class='ocrx_word' id='word_1_136' title='bbox 946 1746 978 1787; x_wconf 93' lang='lat' dir='ltr'>se</span> <span class='ocrx_word' id='word_1_137' title='bbox 1001 1729 1065 1803; x_wconf 91' lang='lat' dir='ltr'>ipso</span> <span class='ocrx_word' id='word_1_138' title='bbox 1088 1728 1196 1788; x_wconf 88' lang='lat' dir='ltr'>factam</span> <span class='ocrx_word' id='word_1_139' title='bbox 1219 1729 1278 1788; x_wconf 88' lang='lat' dir='ltr'>alia</span> 
     </span>
     <span class='ocr_line' id='line_1_16' title="bbox 150 1829 1277 1907; baseline -0.001 -16"><span class='ocrx_word' id='word_1_140' title='bbox 150 1831 269 1891; x_wconf 79' lang='lat' dir='ltr'>aliunde</span> <span class='ocrx_word' id='word_1_141' title='bbox 292 1834 403 1907; x_wconf 86' lang='lat' dir='ltr'>petere.</span> <span class='ocrx_word' id='word_1_142' title='bbox 447 1829 539 1889; x_wconf 84' lang='lat' dir='ltr'>Simul</span> <span class='ocrx_word' id='word_1_143' title='bbox 563 1837 662 1889; x_wconf 92' lang='lat' dir='ltr'>antem</span> <span class='ocrx_word' id='word_1_144' title='bbox 687 1832 835 1907; x_wconf 88' lang='lat' dir='ltr'>apparuit,</span> <span class='ocrx_word' id='word_1_145' title='bbox 857 1849 946 1907; x_wconf 87' lang='lat' dir='ltr'>quam</span> <span class='ocrx_word' id='word_1_146' title='bbox 970 1849 1030 1890; x_wconf 92' lang='lat' dir='ltr'>uon</span> <span class='ocrx_word' id='word_1_147' title='bbox 1047 1831 1155 1891; x_wconf 83' lang='lat' dir='ltr'>Strabo</span> <span class='ocrx_word' id='word_1_148' title='bbox 1175 1833 1205 1890; x_wconf 92' lang='lat' dir='ltr'>in</span> <span class='ocrx_word' id='word_1_149' title='bbox 1221 1834 1277 1890; x_wconf 88' lang='lat' dir='ltr'>hac</span> 
     </span>
     <span class='ocr_line' id='line_1_17' title="bbox 150 1932 1276 2010; baseline 0 -17"><span class='ocrx_word' id='word_1_150' title='bbox 150 1932 270 2009; x_wconf 91' lang='lat' dir='ltr'>quidem</span> <span class='ocrx_word' id='word_1_151' title='bbox 293 1938 379 2009; x_wconf 87' lang='lat' dir='ltr'>parte</span> <span class='ocrx_word' id='word_1_152' title='bbox 402 1932 566 1992; x_wconf 86' lang='lat' dir='ltr'>studuisset</span> <span class='ocrx_word' id='word_1_153' title='bbox 596 1934 645 1991; x_wconf 89' lang='lat' dir='ltr'>vel</span> <span class='ocrx_word' id='word_1_154' title='bbox 677 1933 837 2009; x_wconf 90' lang='lat' dir='ltr'>potuisset,</span> <span class='ocrx_word' id='word_1_155' title='bbox 867 1951 954 1991; x_wconf 91' lang='lat' dir='ltr'>sunm</span> <span class='ocrx_word' id='word_1_156' title='bbox 984 1951 1083 1992; x_wconf 91' lang='lat' dir='ltr'>rerum</span> <span class='ocrx_word' id='word_1_157' title='bbox 1115 1933 1276 2010; x_wconf 87' lang='lat' dir='ltr'>depingen-</span> 
     </span>
     <span class='ocr_line' id='line_1_18' title="bbox 149 2034 1277 2112; baseline 0.002 -18"><span class='ocrx_word' id='word_1_158' title='bbox 149 2034 253 2095; x_wconf 88' lang='lat' dir='ltr'>darum</span> <span class='ocrx_word' id='word_1_159' title='bbox 277 2034 412 2095; x_wconf 89' lang='lat' dir='ltr'>ordinem</span> <span class='ocrx_word' id='word_1_160' title='bbox 437 2041 540 2094; x_wconf 91' lang='lat' dir='ltr'>tenere</span> <span class='ocrx_word' id='word_1_161' title='bbox 564 2043 594 2094; x_wconf 92' lang='lat' dir='ltr'>et</span> <span class='ocrx_word' id='word_1_162' title='bbox 616 2054 694 2112; x_wconf 92' lang='lat' dir='ltr'>quae</span> <span class='ocrx_word' id='word_1_163' title='bbox 726 2035 806 2112; x_wconf 89' lang='lat' dir='ltr'>apud</span> <span class='ocrx_word' id='word_1_164' title='bbox 838 2037 911 2094; x_wconf 90' lang='lat' dir='ltr'>alios</span> <span class='ocrx_word' id='word_1_165' title='bbox 943 2040 1081 2095; x_wconf 88' lang='lat' dir='ltr'>auctores</span> <span class='ocrx_word' id='word_1_166' title='bbox 1112 2038 1177 2095; x_wconf 90' lang='lat' dir='ltr'>aliis</span> <span class='ocrx_word' id='word_1_167' title='bbox 1206 2038 1277 2096; x_wconf 93' lang='lat' dir='ltr'>locis</span> 
     </span>
     <span class='ocr_line' id='line_1_19' title="bbox 149 2137 1276 2215; baseline 0.002 -18"><span class='ocrx_word' id='word_1_168' title='bbox 149 2138 323 2215; x_wconf 87' lang='lat' dir='ltr'>invenisset,</span> <span class='ocrx_word' id='word_1_169' title='bbox 346 2157 383 2198; x_wconf 85' lang='lat' dir='ltr'>ex</span> <span class='ocrx_word' id='word_1_170' title='bbox 406 2156 460 2197; x_wconf 89' lang='lat' dir='ltr'>suo</span> <span class='ocrx_word' id='word_1_171' title='bbox 484 2138 607 2197; x_wconf 91' lang='lat' dir='ltr'>consilio</span> <span class='ocrx_word' id='word_1_172' title='bbox 632 2137 800 2214; x_wconf 89' lang='lat' dir='ltr'>disponere.</span> <span class='ocrx_word' id='word_1_173' title='bbox 844 2137 892 2197; x_wconf 82' lang='lat' dir='ltr'>Sic</span> <span class='ocrx_word' id='word_1_174' title='bbox 915 2140 1040 2215; x_wconf 90' lang='lat' dir='ltr'>primum</span> <span class='ocrx_word' id='word_1_175' title='bbox 1064 2139 1183 2213; x_wconf 92' lang='lat' dir='ltr'>quidem</span> <span class='ocrx_word' id='word_1_176' title='bbox 1204 2140 1276 2199; x_wconf 84' lang='lat' dir='ltr'>inlr.</span> 
     </span>
     <span class='ocr_line' id='line_1_20' title="bbox 148 2240 1276 2318; baseline 0 -18"><span class='ocrx_word' id='word_1_177' title='bbox 148 2261 176 2318; x_wconf 91' lang='lat' dir='ltr'>p.</span> <span class='ocrx_word' id='word_1_178' title='bbox 209 2241 304 2300; x_wconf 91' lang='lat' dir='ltr'>libere</span> <span class='ocrx_word' id='word_1_179' title='bbox 343 2259 378 2300; x_wconf 88' lang='lat' dir='ltr'>ac</span> <span class='ocrx_word' id='word_1_180' title='bbox 410 2259 464 2300; x_wconf 92' lang='lat' dir='ltr'>suo</span> <span class='ocrx_word' id='word_1_181' title='bbox 498 2240 608 2299; x_wconf 89' lang='lat' dir='ltr'>iudicio</span> <span class='ocrx_word' id='word_1_182' title='bbox 643 2241 817 2300; x_wconf 88' lang='lat' dir='ltr'>testimoniis</span> <span class='ocrx_word' id='word_1_183' title='bbox 853 2241 1031 2317; x_wconf 91' lang='lat' dir='ltr'>scriptorum</span> <span class='ocrx_word' id='word_1_184' title='bbox 1067 2241 1108 2300; x_wconf 91' lang='lat' dir='ltr'>uti</span> <span class='ocrx_word' id='word_1_185' title='bbox 1143 2249 1276 2302; x_wconf 88' lang='lat' dir='ltr'>conatur.</span> 
     </span>
     <span class='ocr_line' id='line_1_21' title="bbox 149 2343 1276 2420; baseline 0 -16"><span class='ocrx_word' id='word_1_186' title='bbox 149 2344 267 2404; x_wconf 90' lang='lat' dir='ltr'>Deinde</span> <span class='ocrx_word' id='word_1_187' title='bbox 289 2361 362 2404; x_wconf 89' lang='lat' dir='ltr'>vero</span> <span class='ocrx_word' id='word_1_188' title='bbox 385 2343 533 2420; x_wconf 85' lang='lat' dir='ltr'>gradatim</span> <span class='ocrx_word' id='word_1_189' title='bbox 562 2347 700 2404; x_wconf 78' lang='lat' dir='ltr'>auctores</span> <span class='ocrx_word' id='word_1_190' title='bbox 730 2350 851 2402; x_wconf 89' lang='lat' dir='ltr'>secutus</span> <span class='ocrx_word' id='word_1_191' title='bbox 881 2344 998 2420; x_wconf 86' lang='lat' dir='ltr'>eadem,</span> <span class='ocrx_word' id='word_1_192' title='bbox 1029 2362 1107 2418; x_wconf 87' lang='lat' dir='ltr'>quae</span> <span class='ocrx_word' id='word_1_193' title='bbox 1139 2346 1196 2404; x_wconf 92' lang='lat' dir='ltr'>iam</span> <span class='ocrx_word' id='word_1_194' title='bbox 1227 2365 1276 2404; x_wconf 86' lang='lat' dir='ltr'>ex·</span> 
     </span>
     <span class='ocr_line' id='line_1_22' title="bbox 150 2428 1276 2525; baseline -0.002 -18"><span class='ocrx_word' id='word_1_195' title='bbox 150 2454 253 2525; x_wconf 88' lang='lat' dir='ltr'>cerpta</span> <span class='ocrx_word' id='word_1_196' title='bbox 275 2447 411 2524; x_wconf 90' lang='lat' dir='ltr'>protulit,</span> <span class='ocrx_word' id='word_1_197' title='bbox 434 2447 541 2505; x_wconf 90' lang='lat' dir='ltr'>iterum</span> <span class='ocrx_word' id='word_1_198' title='bbox 566 2447 660 2522; x_wconf 88' lang='lat' dir='ltr'>magis</span> <span class='ocrx_word' id='word_1_199' title='bbox 676 2446 713 2503; x_wconf 91' lang='lat' dir='ltr'>ad</span> <span class='ocrx_word' id='word_1_200' title='bbox 730 2447 853 2504; x_wconf 92' lang='lat' dir='ltr'>verbum</span> <span class='ocrx_word' id='word_1_201' title='bbox 871 2445 979 2506; x_wconf 90' lang='lat' dir='ltr'>reddit.</span> <span class='ocrx_word' id='word_1_202' title='bbox 1023 2447 1087 2506; x_wconf 88' lang='lat' dir='ltr'>Jam</span> <span class='ocrx_word' id='word_1_203' title='bbox 1104 2449 1133 2506; x_wconf 94' lang='lat' dir='ltr'>iu</span> <span class='ocrx_word' id='word_1_204' title='bbox 1150 2428 1276 2524; x_wconf 83' lang='lat' dir='ltr'>sequeu-</span> 
     </span>
     <span class='ocr_line' id='line_1_23' title="bbox 148 2547 1275 2627; baseline 0 -20"><span class='ocrx_word' id='word_1_205' title='bbox 148 2549 229 2608; x_wconf 90' lang='lat' dir='ltr'>tibus</span> <span class='ocrx_word' id='word_1_206' title='bbox 251 2549 449 2627; x_wconf 83' lang='lat' dir='ltr'>paragraphis</span> <span class='ocrx_word' id='word_1_207' title='bbox 465 2567 537 2608; x_wconf 90' lang='lat' dir='ltr'>orae</span> <span class='ocrx_word' id='word_1_208' title='bbox 561 2550 723 2607; x_wconf 86' lang='lat' dir='ltr'>maritimae</span> <span class='ocrx_word' id='word_1_209' title='bbox 747 2547 906 2625; x_wconf 88' lang='lat' dir='ltr'>descriptio</span> <span class='ocrx_word' id='word_1_210' title='bbox 930 2555 1035 2625; x_wconf 87' lang='lat' dir='ltr'>exstat,</span> <span class='ocrx_word' id='word_1_211' title='bbox 1058 2549 1105 2608; x_wconf 91' lang='lat' dir='ltr'>cui</span> <span class='ocrx_word' id='word_1_212' title='bbox 1129 2551 1275 2627; x_wconf 87' lang='lat' dir='ltr'>periplurn</span> 
     </span>
     <span class='ocr_line' id='line_1_24' title="bbox 151 2650 1276 2728; baseline -0.001 -17"><span class='ocrx_word' id='word_1_213' title='bbox 151 2650 299 2727; x_wconf 89' lang='lat' dir='ltr'>quendam</span> <span class='ocrx_word' id='word_1_214' title='bbox 331 2651 456 2711; x_wconf 89' lang='lat' dir='ltr'>subesse</span> <span class='ocrx_word' id='word_1_215' title='bbox 486 2652 678 2728; x_wconf 90' lang='lat' dir='ltr'>perspicuum</span> <span class='ocrx_word' id='word_1_216' title='bbox 715 2651 779 2709; x_wconf 88' lang='lat' dir='ltr'>erit.</span> <span class='ocrx_word' id='word_1_217' title='bbox 833 2650 940 2710; x_wconf 85' lang='lat' dir='ltr'>Strabo</span> <span class='ocrx_word' id='word_1_218' title='bbox 972 2652 1063 2726; x_wconf 87' lang='lat' dir='ltr'>enim,</span> <span class='ocrx_word' id='word_1_219' title='bbox 1097 2670 1276 2728; x_wconf 86' lang='lat' dir='ltr'>quamquam</span> 
     </span>
    </p>
   </div>
   <div class='ocr_carea' id='block_1_3' title="bbox 151 2753 1365 2831">
    <p class='ocr_par' dir='ltr' id='par_1_3' title="bbox 151 2753 1365 2831">
     <span class='ocr_line' id='line_1_25' title="bbox 151 2753 1365 2831; baseline -0.002 -17"><span class='ocrx_word' id='word_1_220' title='bbox 151 2753 359 2815; x_wconf 80' lang='lat' dir='ltr'>Turdetaniae</span> <span class='ocrx_word' id='word_1_221' title='bbox 381 2772 463 2813; x_wconf 89' lang='lat' dir='ltr'>oram</span> <span class='ocrx_word' id='word_1_222' title='bbox 488 2753 696 2830; x_wconf 87' lang='lat' dir='ltr'>descripturus</span> <span class='ocrx_word' id='word_1_223' title='bbox 719 2761 778 2830; x_wconf 87' lang='lat' dir='ltr'>est,</span> <span class='ocrx_word' id='word_1_224' title='bbox 801 2772 859 2812; x_wconf 91' lang='lat' dir='ltr'>non</span> <span class='ocrx_word' id='word_1_225' title='bbox 884 2753 1017 2813; x_wconf 88' lang='lat' dir='ltr'>subsistit</span> <span class='ocrx_word' id='word_1_226' title='bbox 1038 2754 1068 2812; x_wconf 93' lang='lat' dir='ltr'>in</span> <span class='ocrx_word' id='word_1_227' title='bbox 1092 2756 1177 2813; x_wconf 86' lang='lat' dir='ltr'>Anae</span> <span class='ocrx_word' id='word_1_228' title='bbox 1193 2756 1278 2831; x_wconf 80' lang='lat' dir='ltr'>ostio,</span> <span class='ocrx_word' id='word_1_229' title='bbox 1363 2788 1365 2792; x_wconf 16' lang='grc' dir='ltr'><em>Α</em></span> 
     </span>
    </p>
   </div>
   <div class='ocr_carea' id='block_1_4' title="bbox 143 2855 1337 4266">
    <p class='ocr_par' dir='ltr' id='par_1_4' title="bbox 143 2855 1337 4266">
     <span class='ocr_line' id='line_1_26' title="bbox 151 2855 1277 2933; baseline 0.001 -17"><span class='ocrx_word' id='word_1_230' title='bbox 151 2858 202 2932; x_wconf 88' lang='lat' dir='ltr'>qui</span> <span class='ocrx_word' id='word_1_231' title='bbox 225 2857 313 2916; x_wconf 89' lang='lat' dir='ltr'>huius</span> <span class='ocrx_word' id='word_1_232' title='bbox 336 2863 436 2916; x_wconf 87' lang='lat' dir='ltr'>terrae</span> <span class='ocrx_word' id='word_1_233' title='bbox 466 2855 533 2916; x_wconf 92' lang='lat' dir='ltr'>finis</span> <span class='ocrx_word' id='word_1_234' title='bbox 562 2861 622 2931; x_wconf 89' lang='lat' dir='ltr'>eet,</span> <span class='ocrx_word' id='word_1_235' title='bbox 652 2856 702 2916; x_wconf 88' lang='lat' dir='ltr'>sed</span> <span class='ocrx_word' id='word_1_236' title='bbox 736 2856 892 2916; x_wconf 87' lang='lat' dir='ltr'>continuat</span> <span class='ocrx_word' id='word_1_237' title='bbox 921 2856 1150 2933; x_wconf 87' lang='lat' dir='ltr'>descriptionem</span> <span class='ocrx_word' id='word_1_238' title='bbox 1182 2876 1277 2933; x_wconf 88' lang='lat' dir='ltr'>usquc</span> 
     </span>
     <span class='ocr_line' id='line_1_27' title="bbox 150 2956 1276 3037; baseline 0.002 -20"><span class='ocrx_word' id='word_1_239' title='bbox 150 2960 188 3018; x_wconf 88' lang='lat' dir='ltr'>ad</span> <span class='ocrx_word' id='word_1_240' title='bbox 204 2960 445 3036; x_wconf 88' lang='lat' dir='ltr'>promunturium</span> <span class='ocrx_word' id='word_1_241' title='bbox 462 2959 584 3020; x_wconf 85' lang='lat' dir='ltr'>Sacrum</span> <span class='ocrx_word' id='word_1_242' title='bbox 608 2957 646 3032; x_wconf 84' lang='lat' dir='ltr'>(o.</span> <span class='ocrx_word' id='word_1_243' title='bbox 663 2965 689 3033; x_wconf 88' lang='lat'>1,</span> <span class='ocrx_word' id='word_1_244' title='bbox 705 2962 732 3029; x_wconf 84' lang='lat'>9,</span> <span class='ocrx_word' id='word_1_245' title='bbox 756 2959 789 3019; x_wconf 80' lang='lat' dir='ltr'>O.</span> <span class='ocrx_word' id='word_1_246' title='bbox 807 2962 868 3019; x_wconf 84' lang='lat'>140</span> <span class='ocrx_word' id='word_1_247' title='bbox 891 2956 979 3030; x_wconf 82' lang='lat' dir='ltr'>extr.)</span> <span class='ocrx_word' id='word_1_248' title='bbox 1023 2960 1052 3019; x_wconf 90' lang='lat' dir='ltr'>ls</span> <span class='ocrx_word' id='word_1_249' title='bbox 1072 2959 1202 3037; x_wconf 89' lang='lat' dir='ltr'>quidem,</span> <span class='ocrx_word' id='word_1_250' title='bbox 1225 2962 1276 3036; x_wconf 87' lang='lat' dir='ltr'>qui</span> 
     </span>
     <span class='ocr_line' id='line_1_28' title="bbox 153 3060 1277 3139; baseline -0.001 -18"><span class='ocrx_word' id='word_1_251' title='bbox 153 3080 212 3121; x_wconf 92' lang='lat' dir='ltr'>non</span> <span class='ocrx_word' id='word_1_252' title='bbox 243 3067 340 3121; x_wconf 83' lang='lat' dir='ltr'>terres</span> <span class='ocrx_word' id='word_1_253' title='bbox 365 3061 597 3121; x_wconf 89' lang='lat' dir='ltr'>mediterraneas</span> <span class='ocrx_word' id='word_1_254' title='bbox 626 3062 767 3138; x_wconf 90' lang='lat' dir='ltr'>primario</span> <span class='ocrx_word' id='word_1_255' title='bbox 798 3062 863 3121; x_wconf 93' lang='lat' dir='ltr'>loco</span> <span class='ocrx_word' id='word_1_256' title='bbox 887 3060 1098 3121; x_wconf 88' lang='lat' dir='ltr'>describendas</span> <span class='ocrx_word' id='word_1_257' title='bbox 1133 3062 1188 3121; x_wconf 89' lang='lat' dir='ltr'>sibi</span> <span class='ocrx_word' id='word_1_258' title='bbox 1210 3081 1277 3139; x_wconf 90' lang='lat' dir='ltr'>pro·</span> 
     </span>
     <span class='ocr_line' id='line_1_29' title="bbox 151 3162 1278 3242; baseline 0.001 -20"><span class='ocrx_word' id='word_1_259' title='bbox 151 3165 246 3239; x_wconf 88' lang='lat' dir='ltr'>pouit,</span> <span class='ocrx_word' id='word_1_260' title='bbox 275 3163 354 3222; x_wconf 88' lang='lat' dir='ltr'>sicut</span> <span class='ocrx_word' id='word_1_261' title='bbox 376 3162 483 3223; x_wconf 84' lang='lat' dir='ltr'>Strabo</span> <span class='ocrx_word' id='word_1_262' title='bbox 506 3163 536 3221; x_wconf 92' lang='lat' dir='ltr'>in</span> <span class='ocrx_word' id='word_1_263' title='bbox 562 3164 588 3222; x_wconf 85' lang='lat' dir='ltr'>lr.</span> <span class='ocrx_word' id='word_1_264' title='bbox 611 3183 675 3239; x_wconf 88' lang='lat' dir='ltr'>par.</span> <span class='ocrx_word' id='word_1_265' title='bbox 706 3165 846 3234; x_wconf 87' lang='lat' dir='ltr'>instituit,</span> <span class='ocrx_word' id='word_1_266' title='bbox 878 3163 930 3223; x_wconf 91' lang='lat' dir='ltr'>sed</span> <span class='ocrx_word' id='word_1_267' title='bbox 961 3165 1110 3241; x_wconf 92' lang='lat' dir='ltr'>periplum</span> <span class='ocrx_word' id='word_1_268' title='bbox 1134 3164 1278 3242; x_wconf 89' lang='lat' dir='ltr'>imprimis</span> 
     </span>
     <span class='ocr_line' id='line_1_30' title="bbox 151 3265 1277 3343; baseline 0.003 -20"><span class='ocrx_word' id='word_1_269' title='bbox 151 3266 264 3342; x_wconf 90' lang='lat' dir='ltr'>scribit,</span> <span class='ocrx_word' id='word_1_270' title='bbox 286 3265 449 3326; x_wconf 87' lang='lat' dir='ltr'>rectissime</span> <span class='ocrx_word' id='word_1_271' title='bbox 471 3285 489 3323; x_wconf 93' lang='lat' dir='ltr'>a</span> <span class='ocrx_word' id='word_1_272' title='bbox 513 3265 604 3342; x_wconf 81' lang='lat' dir='ltr'>Calpe</span> <span class='ocrx_word' id='word_1_273' title='bbox 627 3284 722 3342; x_wconf 91' lang='lat' dir='ltr'>usque</span> <span class='ocrx_word' id='word_1_274' title='bbox 745 3266 783 3324; x_wconf 92' lang='lat' dir='ltr'>ad</span> <span class='ocrx_word' id='word_1_275' title='bbox 806 3266 1048 3343; x_wconf 91' lang='lat' dir='ltr'>promunturium</span> <span class='ocrx_word' id='word_1_276' title='bbox 1071 3266 1194 3326; x_wconf 81' lang='lat' dir='ltr'>Sacrum</span> <span class='ocrx_word' id='word_1_277' title='bbox 1218 3286 1277 3326; x_wconf 92' lang='lat' dir='ltr'>uno</span> 
     </span>
     <span class='ocr_line' id='line_1_31' title="bbox 152 3366 1277 3444; baseline 0.002 -17"><span class='ocrx_word' id='word_1_278' title='bbox 152 3385 240 3427; x_wconf 89' lang='lat' dir='ltr'>cursu</span> <span class='ocrx_word' id='word_1_279' title='bbox 275 3366 371 3427; x_wconf 89' lang='lat' dir='ltr'>tendit</span> <span class='ocrx_word' id='word_1_280' title='bbox 402 3375 432 3427; x_wconf 90' lang='lat' dir='ltr'>ct</span> <span class='ocrx_word' id='word_1_281' title='bbox 464 3375 536 3426; x_wconf 92' lang='lat' dir='ltr'>tunc</span> <span class='ocrx_word' id='word_1_282' title='bbox 566 3367 649 3427; x_wconf 88' lang='lat' dir='ltr'>addit</span> <span class='ocrx_word' id='word_1_283' title='bbox 687 3387 834 3444; x_wconf 87' lang='lat' dir='ltr'>quaenam</span> <span class='ocrx_word' id='word_1_284' title='bbox 867 3375 948 3428; x_wconf 90' lang='lat' dir='ltr'>terra</span> <span class='ocrx_word' id='word_1_285' title='bbox 978 3387 1069 3444; x_wconf 90' lang='lat' dir='ltr'>supra</span> <span class='ocrx_word' id='word_1_286' title='bbox 1098 3370 1177 3429; x_wconf 89' lang='lat' dir='ltr'>hanc</span> <span class='ocrx_word' id='word_1_287' title='bbox 1206 3388 1277 3429; x_wconf 89' lang='lat' dir='ltr'>orae</span> 
     </span>
     <span class='ocr_line' id='line_1_32' title="bbox 143 3470 1277 3548; baseline 0.003 -20"><span class='ocrx_word' id='word_1_288' title='bbox 143 3475 264 3545; x_wconf 81' lang='lat' dir='ltr'>¹partem</span> <span class='ocrx_word' id='word_1_289' title='bbox 288 3471 345 3529; x_wconf 88' lang='lat' dir='ltr'>sita</span> <span class='ocrx_word' id='word_1_290' title='bbox 367 3471 418 3529; x_wconf 90' lang='lat' dir='ltr'>sit:</span> <span class='ocrx_word' id='word_1_291' title='bbox 441 3470 522 3546; x_wconf 88' lang='lat' dir='ltr'>quod</span> <span class='ocrx_word' id='word_1_292' title='bbox 546 3470 624 3530; x_wconf 90' lang='lat' dir='ltr'>idem</span> <span class='ocrx_word' id='word_1_293' title='bbox 647 3471 761 3530; x_wconf 89' lang='lat' dir='ltr'>faciens</span> <span class='ocrx_word' id='word_1_294' title='bbox 777 3471 885 3530; x_wconf 84' lang='lat' dir='ltr'>Strabo</span> <span class='ocrx_word' id='word_1_295' title='bbox 908 3471 1016 3548; x_wconf 91' lang='lat' dir='ltr'>peripli</span> <span class='ocrx_word' id='word_1_296' title='bbox 1040 3477 1174 3531; x_wconf 91' lang='lat' dir='ltr'>autorem</span> <span class='ocrx_word' id='word_1_297' title='bbox 1198 3472 1277 3531; x_wconf 91' lang='lat' dir='ltr'>omni</span> 
     </span>
     <span class='ocr_line' id='line_1_33' title="bbox 150 3572 1275 3648; baseline 0.002 -18"><span class='ocrx_word' id='word_1_298' title='bbox 150 3575 237 3647; x_wconf 90' lang='lat' dir='ltr'>parte</span> <span class='ocrx_word' id='word_1_299' title='bbox 259 3576 381 3631; x_wconf 90' lang='lat' dir='ltr'>secutus</span> <span class='ocrx_word' id='word_1_300' title='bbox 413 3573 503 3648; x_wconf 90' lang='lat' dir='ltr'>plane</span> <span class='ocrx_word' id='word_1_301' title='bbox 535 3572 736 3648; x_wconf 86' lang='lat' dir='ltr'>obliviscitur,</span> <span class='ocrx_word' id='word_1_302' title='bbox 766 3591 798 3633; x_wconf 91' lang='lat' dir='ltr'>se</span> <span class='ocrx_word' id='word_1_303' title='bbox 822 3573 925 3634; x_wconf 90' lang='lat' dir='ltr'>eadem</span> <span class='ocrx_word' id='word_1_304' title='bbox 948 3574 1006 3632; x_wconf 90' lang='lat' dir='ltr'>iam</span> <span class='ocrx_word' id='word_1_305' title='bbox 1029 3574 1059 3632; x_wconf 92' lang='lat' dir='ltr'>in</span> <span class='ocrx_word' id='word_1_306' title='bbox 1090 3573 1148 3634; x_wconf 89' lang='lat' dir='ltr'>alia</span> <span class='ocrx_word' id='word_1_307' title='bbox 1176 3593 1275 3634; x_wconf 92' lang='lat' dir='ltr'>rerum</span> 
     </span>
     <span class='ocr_line' id='line_1_34' title="bbox 151 3674 1278 3754; baseline 0.005 -22"><span class='ocrx_word' id='word_1_308' title='bbox 151 3674 346 3751; x_wconf 89' lang='lat' dir='ltr'>dispositione</span> <span class='ocrx_word' id='word_1_309' title='bbox 368 3679 522 3735; x_wconf 87' lang='lat' dir='ltr'>tractasse.</span> <span class='ocrx_word' id='word_1_310' title='bbox 568 3675 654 3749; x_wconf 80' lang='lat' dir='ltr'>Quae</span> <span class='ocrx_word' id='word_1_311' title='bbox 678 3694 746 3735; x_wconf 91' lang='lat' dir='ltr'>cum</span> <span class='ocrx_word' id='word_1_312' title='bbox 769 3678 809 3735; x_wconf 87' lang='lat' dir='ltr'>ita</span> <span class='ocrx_word' id='word_1_313' title='bbox 832 3678 906 3752; x_wconf 81' lang='lat' dir='ltr'>sint,</span> <span class='ocrx_word' id='word_1_314' title='bbox 928 3676 1005 3735; x_wconf 87' lang='lat' dir='ltr'>hano</span> <span class='ocrx_word' id='word_1_315' title='bbox 1028 3681 1191 3736; x_wconf 83' lang='lat' dir='ltr'>extremam</span> <span class='ocrx_word' id='word_1_316' title='bbox 1213 3697 1278 3754; x_wconf 86' lang='lat' dir='ltr'>par.</span> 
     </span>
     <span class='ocr_line' id='line_1_35' title="bbox 151 3778 1277 3855; baseline 0.004 -19"><span class='ocrx_word' id='word_1_317' title='bbox 151 3783 253 3837; x_wconf 85' lang='lat' dir='ltr'>sextae</span> <span class='ocrx_word' id='word_1_318' title='bbox 276 3783 392 3853; x_wconf 87' lang='lat' dir='ltr'>partem</span> <span class='ocrx_word' id='word_1_319' title='bbox 416 3778 523 3855; x_wconf 90' lang='lat' dir='ltr'>peripli</span> <span class='ocrx_word' id='word_1_320' title='bbox 547 3778 662 3838; x_wconf 88' lang='lat' dir='ltr'>auctori</span> <span class='ocrx_word' id='word_1_321' title='bbox 686 3778 788 3839; x_wconf 91' lang='lat' dir='ltr'>deberi</span> <span class='ocrx_word' id='word_1_322' title='bbox 813 3780 923 3855; x_wconf 78' lang='lat' dir='ltr'>elucet,</span> <span class='ocrx_word' id='word_1_323' title='bbox 953 3797 1040 3854; x_wconf 89' lang='lat' dir='ltr'>quem</span> <span class='ocrx_word' id='word_1_324' title='bbox 1065 3798 1130 3840; x_wconf 90' lang='lat' dir='ltr'>esse</span> <span class='ocrx_word' id='word_1_325' title='bbox 1152 3781 1277 3841; x_wconf 87' lang='lat' dir='ltr'>Artemi-</span> 
     </span>
     <span class='ocr_line' id='line_1_36' title="bbox 151 3879 1277 3960; baseline 0.004 -22"><span class='ocrx_word' id='word_1_326' title='bbox 151 3879 255 3939; x_wconf 90' lang='lat' dir='ltr'>dorum</span> <span class='ocrx_word' id='word_1_327' title='bbox 279 3881 409 3956; x_wconf 90' lang='lat' dir='ltr'>probare</span> <span class='ocrx_word' id='word_1_328' title='bbox 433 3880 572 3940; x_wconf 87' lang='lat' dir='ltr'>conabor.</span> <span class='ocrx_word' id='word_1_329' title='bbox 617 3882 701 3941; x_wconf 89' lang='lat' dir='ltr'>llaec</span> <span class='ocrx_word' id='word_1_330' title='bbox 723 3880 784 3940; x_wconf 82' lang='lat' dir='ltr'>fere</span> <span class='ocrx_word' id='word_1_331' title='bbox 808 3881 908 3951; x_wconf 89' lang='lat' dir='ltr'>habui,</span> <span class='ocrx_word' id='word_1_332' title='bbox 931 3880 1066 3958; x_wconf 83' lang='lat' dir='ltr'>quaeda</span> <span class='ocrx_word' id='word_1_333' title='bbox 1089 3889 1193 3942; x_wconf 84' lang='lat' dir='ltr'>sextae</span> <span class='ocrx_word' id='word_1_334' title='bbox 1215 3902 1277 3960; x_wconf 88' lang='lat' dir='ltr'>par.</span> 
     </span>
     <span class='ocr_line' id='line_1_37' title="bbox 151 3982 1275 4060; baseline 0.004 -21"><span class='ocrx_word' id='word_1_335' title='bbox 151 3982 284 4042; x_wconf 83' lang='lat' dir='ltr'>lontibus</span> <span class='ocrx_word' id='word_1_336' title='bbox 308 3982 451 4041; x_wconf 88' lang='lat' dir='ltr'>dicerem:</span> <span class='ocrx_word' id='word_1_337' title='bbox 483 3984 511 4042; x_wconf 91' lang='lat' dir='ltr'>in</span> <span class='ocrx_word' id='word_1_338' title='bbox 535 4002 662 4058; x_wconf 89' lang='lat' dir='ltr'>quorum</span> <span class='ocrx_word' id='word_1_339' title='bbox 686 3983 877 4058; x_wconf 86' lang='lat' dir='ltr'>indagatione</span> <span class='ocrx_word' id='word_1_340' title='bbox 900 3985 954 4044; x_wconf 90' lang='lat' dir='ltr'>ctsi</span> <span class='ocrx_word' id='word_1_341' title='bbox 983 3985 1091 4060; x_wconf 89' lang='lat' dir='ltr'>longus</span> <span class='ocrx_word' id='word_1_342' title='bbox 1113 3985 1155 4043; x_wconf 89' lang='lat' dir='ltr'>fui</span> <span class='ocrx_word' id='word_1_343' title='bbox 1179 3990 1275 4044; x_wconf 88' lang='lat' dir='ltr'>tamen</span> 
     </span>
     <span class='ocr_line' id='line_1_38' title="bbox 152 4086 1276 4164; baseline 0.003 -23"><span class='ocrx_word' id='word_1_344' title='bbox 152 4090 277 4142; x_wconf 86' lang='lat' dir='ltr'>tortasse</span> <span class='ocrx_word' id='word_1_345' title='bbox 307 4105 366 4143; x_wconf 72' lang='lat' dir='ltr'>nrm</span> <span class='ocrx_word' id='word_1_346' title='bbox 399 4086 542 4144; x_wconf 86' lang='lat' dir='ltr'>inutiliter</span> <span class='ocrx_word' id='word_1_347' title='bbox 565 4087 769 4161; x_wconf 72' lang='lat' dir='ltr'>quarestioncm</span> <span class='ocrx_word' id='word_1_348' title='bbox 802 4086 938 4163; x_wconf 85' lang='lat' dir='ltr'>extendi,</span> <span class='ocrx_word' id='word_1_349' title='bbox 969 4106 1034 4146; x_wconf 83' lang='lat' dir='ltr'>curn</span> <span class='ocrx_word' id='word_1_350' title='bbox 1059 4088 1088 4145; x_wconf 95' lang='lat' dir='ltr'>in</span> <span class='ocrx_word' id='word_1_351' title='bbox 1113 4088 1168 4146; x_wconf 83' lang='lat' dir='ltr'>liae</span> <span class='ocrx_word' id='word_1_352' title='bbox 1191 4093 1276 4164; x_wconf 87' lang='lat' dir='ltr'>parte</span> 
     </span>
     <span class='ocr_line' id='line_1_39' title="bbox 151 4188 1337 4266; baseline 0.003 -22"><span class='ocrx_word' id='word_1_353' title='bbox 151 4188 259 4263; x_wconf 80' lang='lat' dir='ltr'>optimc</span> <span class='ocrx_word' id='word_1_354' title='bbox 294 4206 354 4263; x_wconf 89' lang='lat' dir='ltr'>qua</span> <span class='ocrx_word' id='word_1_355' title='bbox 387 4189 503 4247; x_wconf 82' lang='lat' dir='ltr'>rationo.</span> <span class='ocrx_word' id='word_1_356' title='bbox 537 4188 643 4246; x_wconf 82' lang='lat' dir='ltr'>Strabo</span> <span class='ocrx_word' id='word_1_357' title='bbox 678 4189 808 4248; x_wconf 84' lang='lat' dir='ltr'>lontibus</span> <span class='ocrx_word' id='word_1_358' title='bbox 848 4195 961 4265; x_wconf 85' lang='lat' dir='ltr'>utatur,</span> <span class='ocrx_word' id='word_1_359' title='bbox 1000 4192 1139 4263; x_wconf 83' lang='lat' dir='ltr'>cognosci</span> <span class='ocrx_word' id='word_1_360' title='bbox 1174 4193 1274 4266; x_wconf 85' lang='lat' dir='ltr'>possit.</span> <span class='ocrx_word' id='word_1_361' title='bbox 1335 4235 1337 4240; x_wconf 84' lang='lat'><em>.</em></span> 
     </span>
    </p>
   </div>
   <div class='ocr_carea' id='block_1_5' title="bbox 0 0 1435 4732">
    <p class='ocr_par' dir='ltr' id='par_1_5' title="bbox 0 0 1435 4732">
     <span class='ocr_line' id='line_1_40' title="bbox 0 0 1435 4732; baseline 0 0"><span class='ocrx_word' id='word_1_362' title='bbox 0 0 1435 4732; x_wconf 95' lang='lat' dir='ltr'> </span> 
     </span>
    </p>
   </div>
  </div>
 </body>
</html>
