2858 4732
149 183 189 244 34

149 358 177 418 C.
196 362 270 418 654:
298 349 472 434 ίστοχιοῦσι
504 349 537 414 δὲ
571 352 626 414 καὶ
655 353 759 414 ταῦτα
788 350 866 432 περὶ
897 351 966 414 τῶν
994 351 1126 416 Ροδίων
1155 401 1162 414 .
1187 402 1193 414 .
1219 342 1278 430 dq’

149 443 189 518 οὗ
215 454 269 517 καὶ
292 452 384 536 μέχρι
416 443 552 536 Ἰβηρίας
575 448 756 529 έιιλένσαν,
786 443 883 515 κιίκιῐ
910 451 971 535 μὲν
1002 448 1064 535 την
1085 447 1202 518 ‘Podar
1225 448 1278 515 έκ-

150 573 257 634 τισαν,
288 546 330 639 ἣν
356 547 495 637 ἔστι-μον
516 557 755 619 Μασσαλιῶται
779 558 972 638 κατέσχον.
999 608 1003 618 .
1029 555 1115 630 τινές
1138 554 1173 619 σὲ
1194 549 1280 632 μετὰ

149 655 212 743 την
235 657 271 722 έκ
304 657 419 740 Τροίας
450 649 581 736 ι’ίιμοιίον
617 653 675 733 τὰς
708 658 895 743 Γαμνησίας
925 653 1046 742 ιη’σους
1074 648 1131 721 ίοι)
1161 650 1279 720 αιίτῶν

150 761 328 843 κτισθῆναι
352 758 523 842 λέγουσιν,
554 746 603 823 ῶν
624 754 686 845 την
715 759 816 842 μείζω
847 759 927 845 μησὶ
961 761 1092 843 Τίμαιος
1120 760 1280 844 μιχίστην

152 858 237 928 εἶναι
260 913 267 928 .
291 914 297 926 .
322 913 328 925 .
373 868 491 945 Srymn.
516 868 607 929 Chius
624 872 683 930 205
708 910 715 924 .
738 913 743 925 .
767 851 883 946 ,Ῥόδη
908 860 943 925 di
970 856 1279 947 desesperatione

151 966 186 1031 δὲ
209 965 291 1048 τιοὶν
314 966 407 1029 ναῶν
430 968 635 1049 κρατοῦντες
658 964 702 1040 τίς
717 955 857 1050 Ἰβηρίαν
880 964 912 1029 ol
929 966 1127 1030 Μασσαλίαν
1145 965 1280 1028 κτίσαν-

150 1092 202 1144 τες
235 1063 331 1150 ἔσχον
365 1071 516 1143 Φωκαεῖς
547 1118 552 1130 .
579 1119 585 1130 .
610 1118 616 1130 ,
642 1067 820 1131 Μασσαλία
847 1059 875 1130 δ’
908 1059 975 1131 ἐστ’
1003 1066 1140 1151 ἐχομένη
1177 1058 1280 1143 πόλις

156 1171 289 1254 μεγίστη
325 1169 496 1234 Φωκαέων
527 1161 672 1233 ἀποικία.
729 1159 777 1233 Ἐν
807 1173 848 1251 τη
875 1171 1052 1253 Διχυστικῖχ
1086 1170 1121 1235 δὲ
1150 1164 1279 1255 ταύτην

154 1271 311 1337 έκτισαν.
332 1323 361 1335 ..
391 1272 521 1356 Τίμαιος
545 1263 654 1348 οὕτωςΙ
677 1269 804 1354 ίστομιῑ
822 1268 936 1356 δὲτὴν
952 1273 1068 1336 κτίσιν.
1115 1278 1280 1338 Muellerus

151 1381 269 1458 quidem
302 1379 414 1457 (lgna.
438 1399 482 1457 gr.
505 1381 526 1448 Ι,
542 1400 571 1458 p.
589 1384 649 1442 199
679 1385 709 1440 et
732 1385 804 1454 201,
828 1380 940 1457 l'gr.30
963 1387 992 1440 et
1014 1384 1066 1450 40)
1095 1380 1174 1458 apud
1198 1380 1280 1440 Stra·

151 1485 258 1542 bouem
282 1503 318 1542 ea
345 1482 447 1559 modo,
481 1501 558 1559 quae
588 1482 625 1542 dc
656 1483 824 1560 Gymnasiis
849 1488 980 1555 exstant,
1013 1483 1093 1560 apud
1116 1485 1280 1560 Scymnum

153 1587 257 1646 Clrium
281 1586 344 1645 sola
367 1585 404 1645 de
426 1585 556 1646 Massilia
578 1586 809 1645 ve1·ba'limaeo
825 1587 936 1646 tribuit.
981 1586 1040 1647 Sed
1057 1587 1106 1647 illo
1122 1583 1280 1646 Strabonis

152 1690 218 1749 loco
242 1690 291 1748 vix
315 1687 525 1765 dubitaverim,
556 1688 627 1765 quin
651 1688 783 1747 indidem
806 1688 1010 1765 geographus,
1042 1689 1122 1750 unde
1151 1687 1280 1748 unooio-

152 1811 217 1851 rnm
247 1791 284 1851 ad
316 1790 495 1867 Gymnesias
523 1790 634 1849 insulas
665 1790 872 1867 navigationes
902 1792 1107 1867 comperisset,
1143 1791 1279 1849 notitiam

89 1914 93 1922 ’
153 1912 273 1971 qaoque
304 1893 341 1953 dc
372 1893 490 1969 oppidis
522 1894 552 1951 in
581 1893 743 1969 Hispaniae
775 1911 828 1952 ora
856 1893 893 1952 ab
923 1893 981 1952 hoc
1011 1893 1121 1969 populo
1149 1891 1281 1952 conditis

153 1997 206 2056 sibi
231 1990 400 2072 paraverit
440 1995 529 2072 Apud
557 1996 717 2072 Scymnum
741 2015 812 2055 vero
845 2014 911 2054 cum
935 1996 972 2054 de
995 1995 1131 2055 Massilia
1162 1995 1278 2053 aPho-

152 2100 328 2160 papensibus
351 2098 473 2159 condita
495 2099 640 2158 Timaeus
664 2099 816 2176 laudetur,
839 2118 937 2159 nonne
961 2098 1145 2174 adducimur,
1170 2101 1201 2157 ut
1216 2116 1279 2156 cro·

154 2202 259 2261 damus
284 2202 370 2261 otiam
395 2202 538 2278 reliquam
571 2200 608 2259 de
631 2202 749 2260 illorum
775 2202 899 2260 coloniis
927 2201 1142 2278 expositionem
1167 2199 1279 2261 abillo

153 2307 274 2382 petitam
307 2305 394 2364 csse?
447 2304 537 2380 Apud
560 2303 735 2364 Strabonem
766 2305 858 2380 igitur
888 2303 1024 2364 videmus
1054 2304 1209 2364 Timacum
1243 2302 1281 2362 de

154 2407 337 2468 Rhodiorum
368 2406 512 2466 adversus
541 2406 725 2466 occidentem
756 2406 997 2484 navigationibus
1031 2405 1141 2466 dicero.
1189 2404 1280 2482 Apud

154 2511 312 2587 Scymnum
342 2509 419 2568 idem
457 2509 597 2569 laudatur
627 2509 665 2568 dc
695 2509 931 2569 Phocaeensium
963 2508 1085 2568 coloniis
1114 2509 1144 2566 in
1174 2507 1280 2567 eadem

156 2614 278 2690 regione
302 2613 370 2671 sitis.
417 2613 478 2671 lam
510 2630 575 2671 eum
600 2616 729 2688 utroque
753 2613 819 2672 loco
844 2631 903 2671 una
926 2616 955 2670 et
977 2610 1015 2671 de
1037 2609 1282 2671 Phocaeensibus

154 2720 184 2775 ct
207 2715 243 2774 de
267 2715 390 2774 erodiis
414 2714 539 2791 dicatur,
562 2733 670 2774 censeo
687 2718 847 2791 utrumque
871 2715 1048 2790 scriptorem
1072 2712 1178 2784 omnia,
1201 2731 1281 2788 quac

155 2817 193 2876 de
225 2818 272 2876 his
303 2817 393 2877 rebus
426 2822 540 2893 narrat,
576 2816 700 2876 Timaeo
731 2816 849 2876 debere.
899 2815 1015 2875 Deinde
1044 2833 1116 2874 vero
1145 2816 1175 2874 in
1204 2814 1280 2874 libro

155 2921 225 2980 XlV
249 2919 330 2996 apud
347 2920 522 2981 Strabonem
539 2919 721 2978 invenimus:
744 2902 842 2976 κιίκα·
853 2911 914 2995 μὲν
937 2907 997 2997 την
1008 2905 1124 2975 Ῥόδον
1140 2914 1282 2988 (emenda

156 3017 230 3101 δην)
252 3011 386 3079 ἔκτισαν
403 3021 454 3094 (sc'.
471 3012 502 3078 ol
521 3008 655 3092 Ῥόδιοι)
672 3009 712 3101 ἣν
733 3007 879 3098 ὕστερον
894 3016 1142 3079 Μασσαλιῶται·
1186 3020 1282 3079 Tertii

156 3130 255 3184 autem
288 3124 354 3183 libri
389 3125 466 3201 loeo,
499 3142 599 3200 aquo
633 3123 769 3201 profecta
803 3127 849 3183 cst
886 3123 960 3183 haec
988 3123 1134 3200 quaestio,
1171 3124 1282 3181 exstat:

151 3210 250 3305 Ῥόδη
273 3221 462 3304 πολίχνιον,
484 3212 691 3304 Ἑμτιοριτόν
713 3221 845 3304 κτίσμα,
867 3219 955 3295 τινὲς
978 3218 1013 3284 δὲ
1034 3214 1164 3284 Ρόὸίων
1190 3218 1282 3299 φασί.

157 3328 303 3406 Equidem
342 3349 402 3390 non
436 3330 680 3406 existimaverim,
714 3330 911 3389 differentiam
949 3329 1053 3388 horum
1096 3329 1229 3388 locorum
1265 3347 1282 3387 o

156 3432 277 3492 divorsa
292 3437 447 3492 auctorum
464 3432 606 3491 memoria
623 3437 715 3491 ortam
733 3451 807 3492 esse.
850 3433 925 3491 Nam
942 3432 1070 3508 primum
1087 3430 1167 3508 quod
1184 3431 1281 3489 allero

156 3536 221 3594 loco
244 3535 388 3611 scriptum
420 3542 463 3594 est
494 3530 734 3594 Μασσαλιῶται
763 3526 925 3610 κατέσχον
953 3534 1046 3593 altero
1076 3516 1283 3611 Ὲμκομιτῶν

157 3631 286 3715 κτίσμα,
309 3637 419 3696 nullius
443 3638 583 3696 momenti
606 3641 660 3712 est,
683 3655 749 3696 cum
773 3637 932 3713 Emporiae
956 3641 986 3695 et
1012 3637 1096 3712 ipsae
1120 3634 1282 3695 Massilien-

157 3740 231 3798 sium
256 3740 371 3800 colonia
402 3740 448 3799 sit.
494 3740 605 3800 Eadem
637 3740 751 3799 rationo
782 3737 888 3798 Strabo
920 3738 992 3797 dicit
1023 3737 1282 3809 111.4,60.1su

156 3836 233 3919 τρία
254 3836 415 3919 πολίχνια
438 3837 698 3902 Μασσαλιωτῶν
722 3888 728 3899 .
752 3826 965 3901 ,τούτωνδ’
988 3833 1056 3898 έστὶ
1071 3828 1283 3918 χνωριμῶτα·

159 3961 220 4002 τον
236 3933 275 4001 τι)
286 3932 575 4022 Ἡμιμοσκστιεῑον,
592 3944 799 4005 Artemidorus
815 3963 887 4004 vero
905 3964 950 4020 ap.
963 3942 1064 4019 Stepb.
1080 3961 1101 4002 s.
1114 3962 1141 4002 v.
1151 3929 1284 4019 ‘Hpapo-

159 4052 320 4105 σκοιιεϊον
344 4093 349 4104 .
375 4092 381 4105 .
408 4041 578 4105 Φωκαέων
602 4035 752 4117 ἄποικος.
798 4047 924 4123 Reliqua
954 4053 1051 4105 antem
1082 4044 1285 4120 discrepantia

162 4151 244 4210 nulla
267 4150 326 4210 alia
349 4170 380 4209 re
412 4151 519 4210 effecta
542 4169 606 4208 esse
635 4151 704 4208 milri
728 4149 848 4209 videtur
875 4168 962 4226 quam
997 4147 1180 4224 indiligentia
1212 4166 1283 4224 qua·
