2858 4732
1230 227 1248 286 7

124 387 233 479 ἱερόν·
257 409 362 461 κεῖται
382 397 416 461 δὲ
436 392 521 460 κατὰ
538 392 599 481 τὴν
619 391 856 480 γηαμμηνιιως
872 385 1031 478 wilsoni
1051 394 1250 477 Γαδείρων

124 521 163 563 τε
186 499 251 562 καὶ
272 501 434 584 στηλῶν.
480 505 540 564 Iam
571 503 595 564 si
627 503 791 563 secundum
816 502 1035 564 Artemidorum
1062 495 1095 560 αί
1128 491 1252 572 licitare

124 606 322 686 aliquantulo,
352 607 591 684 promunturium
622 606 745 667 Sacrum
776 624 846 666 vero
873 609 955 667 1700
988 605 1092 666 stadiis
1128 606 1251 682 propius

124 727 213 786 quam
237 709 338 770 Gades
365 709 429 769 sive
452 709 545 769 Lixus
568 708 606 768 ad
636 709 708 768 solis
740 727 876 768 occasum
908 709 995 767 sitnm
1027 712 1084 783 est,
1114 707 1249 777 eflicitur,

124 813 211 872 etiam
241 813 319 872 hauc
349 829 515 872 mensuram
547 829 613 871 esse
642 810 840 871 Artemidori:
871 797 1009 888 προῦχει
1039 800 1081 869 τὰ
1110 797 1252 889 Ἰβηρικὰ

124 900 208 971 ὅσον
229 908 358 991 χιλίους
381 907 438 971 καὶ
452 907 701 984 πεντακοσίους
716 906 880 982 σταδίους.
926 915 972 972 Ι)ο
995 914 1149 973 enuistiato
1168 911 1250 988 quod

123 1015 268 1095 sequitur,
290 1016 489 1077 Schwedcrus
512 1014 663 1092 (Beitritge
680 1034 735 1075 nur
751 1014 828 1075 Krit.
845 1015 898 1076 dcr
915 1016 1059 1092 Olrorogr.
1076 1014 1129 1075 des
1144 1016 1251 1074 Kaiser

124 1119 201 1195 Aug.
216 1118 245 1179 S.
258 1117 310 1191 72)
332 1118 415 1178 dicit:
438 1118 615 1178 Rdmischen
633 1120 792 1195 Ursprung
810 1122 948 1178 ver-laten
973 1137 1033 1177 nun
1056 1119 1133 1176 ancli
1158 1117 1251 1178 undre

123 1219 285 1297 Angaben:
323 1209 386 1298 τὴν
408 1216 553 1299 προσεχῆ
575 1209 687 1298 τούτῳ
713 1209 824 1298 χώραν
855 1216 896 1296 ιη
910 1212 1037 1296 Λατίνη
1060 1215 1156 1297 φωνῇ
1177 1237 1251 1296 seq.:

125 1314 301 1399 quibuscum
326 1322 426 1382 verbis
449 1326 603 1400 comparat
632 1322 680 1382 illc
702 1321 739 1381 ad
764 1324 927 1382 Romanam
959 1323 1101 1399 originem
1133 1322 1250 1382 demon·

124 1424 274 1484 strandum
299 1425 395 1486 lllelac
418 1426 537 1484 libili.
556 1430 628 1500 1,7:
652 1424 732 1501 quod
762 1444 820 1484 non
846 1425 961 1502 debuit,
992 1425 1133 1502 quoniam
1163 1405 1251 1484 aliter

124 1527 231 1587 lllclam
255 1528 343 1588 aliter
358 1527 534 1588 Strabonem
558 1528 624 1587 loca
647 1527 756 1604 qrribus
779 1520 921 1588 ‘cuneus'
946 1547 1052 1587 nomeu
1077 1532 1130 1606 est,
1152 1529 1250 1588 animo

123 1629 178 1688 sibi
201 1629 322 1689 linxisse
346 1630 455 1690 elucet.
499 1629 556 1690 Sed
579 1630 702 1690 omnino
725 1650 785 1690 non
809 1635 863 1707 est,
886 1648 940 1689 cur
963 1631 1067 1689 horum
1092 1631 1249 1690 verborum

124 1732 267 1808 originem
290 1731 411 1793 aliunde
435 1736 559 1793 tractam
590 1751 766 1792 censeamus
798 1738 887 1809 atque
918 1751 954 1792 ex
978 1733 1157 1794 Artemidori
1180 1752 1248 1808 geo·

123 1834 281 1910 graphicis,
305 1835 386 1894 unde
409 1838 439 1894 et
461 1834 670 1894 antecedentia
694 1841 723 1894 et
745 1833 903 1911 sequeutia
925 1839 1143 1912 sumpta-suut,
1163 1853 1249 1912 prac-

123 1936 222 1995 sertim
250 1954 317 1996 cum
348 1936 429 2013 apud
460 1937 596 1996 Mart-ian.
627 1937 776 2013 Capellam
802 1936 996 2008 (lib.V1611
1021 1937 1068 1996 ed.
1091 1937 1251 2015 liyssenlr.)

123 2039 270 2113 legamus:
282 2035 303 2111 ¹)
327 2040 451 2098 ‘Verum
468 2038 675 2098 Artemidorus
691 2039 761 2098 hnic
777 2038 956 2099 dimensioni
977 2038 1029 2111 (sc.
1044 2044 1141 2099 terroe
1157 2040 1250 2115 longi·

123 2138 231 2213 tudini)
247 2140 346 2218 adicit,
368 2140 510 2217 quicquid
527 2161 544 2201 a
560 2140 695 2201 Gadibus
716 2143 875 2219 procurrit.
920 2143 995 2202 Nam
1019 2161 1082 2218 per
1097 2142 1251 2219 Sphenis

123 2241 277 2302 frontem
300 2242 427 2303 circuitu
442 2244 520 2303 sacri
536 2244 731 2319 promontorii
747 2243 785 2304 ad
803 2243 885 2303 aliud
902 2244 991 2304 finale
1014 2246 1250 2322 promontorium

123 2328 216 2421 seqqss'
260 2345 390 2404 Primum
418 2344 508 2420 igitur
531 2344 679 2420 videmus,
701 2347 788 2405 etiam
812 2345 893 2422 apud
916 2345 1147 2405 Artemidorum
1162 2347 1250 2406 huius

123 2447 254 2522 regionis
278 2447 455 2506 mentionem
479 2447 588 2507 factam
612 2465 685 2518 esse,
709 2447 746 2507 de
770 2467 831 2525 qua
846 2448 955 2509 Strabo
980 2449 1063 2508 dicit:
1088 2434 1250 2521 Καύνιον,

123 2545 232 2628 σφηνα
252 2543 424 2628 σημαίνειν
439 2537 649 2626 βουλόμενοι.
696 2548 811 2609 Deinde
826 2552 924 2609 antem
942 2551 1016 2609 haec
1031 2551 1251 2611 consideranda

124 2669 191 2710 esse
205 2652 354 2711 existimo:
371 2650 504 2728 Constat,
518 2651 638 2711 iamdiu
657 2653 829 2729 priusquam
842 2654 967 2712 Romani
984 2672 1019 2712 eo
1036 2659 1251 2730 pervenerunt,

125 2755 253 2830 populos
267 2753 307 2813 ibi
323 2753 425 2830 luisse,
447 2772 575 2830 quornm
601 2753 722 2814 nomina
736 2754 871 2814 similiter
886 2756 1034 2815 sonabant
1049 2774 1085 2815 ac
1101 2757 1250 2832 posterius

124 2875 232 2916 nomen
256 2857 326 2916 huic
349 2857 464 2933 regioni
487 2875 504 2914 a
527 2858 667 2916 Romanis
689 2856 814 2916 inditum
837 2850 985 2917 ‘cunensi
1031 2857 1090 2918 cfr.
1106 2858 1250 2923 Herodot.

123 2961 160 3035 ll,
177 2963 235 3020 33:
258 2950 290 3017 οί
307 2952 343 3018 δὲ
360 2953 483 3018 Κελτοί
499 2951 560 3017 εἰσι
576 2949 640 3034 ἔξω
649 2946 853 3036 Ἡρακλείων
870 2953 1029 3038 στηλέων,
1053 2947 1252 3037 ὁμουρέουσι

128 3054 163 3119 δὲ
187 3055 424 3141 Κυνησίοισι
454 3053 488 3119 οἳ
510 3050 641 3137 ἔσχατοι
670 3050 756 3139 πρός
778 3055 929 3140 δυσμέων
952 3055 1099 3121 οίκίοσσι
1121 3059 1192 3120 τῶν
1215 3056 1253 3121 ἐν

124 3160 164 3240 τῇ
178 3147 328 3241 Εὗηοίιιη
344 3156 607 3242 κατοικημένων.
635 3163 741 3223 Avieu.
756 3163 817 3225 Ora
833 3167 928 3224 marit.
945 3168 1019 3225 201:
1033 3164 1102 3224 iude
1119 3165 1252 3241 Cempsis

124 3265 265 3325 adiacent
286 3264 389 3343 populi
406 3266 587 3343 Cynetum
604 3265 683 3343 App.
698 3267 782 3342 Hisp.
799 3270 839 3327 57
864 3255 1006 3325 Κούνεοι
1022 3267 1116 3327 Strab.
1131 3267 1174 3326 111
1190 3271 1249 3338 Μ

124 3368 154 3429 G.
174 3372 232 3429 141
256 3367 412 3445 oppidum:
441 3361 669 3446 Κονίστοργις.
699 3364 794 3440 ccttfl)
838 3368 910 3428 Mihi
933 3367 1051 3445 quidem
1075 3386 1249 3444 persuasum

124 3477 178 3545 est,
199 3472 278 3530 inter
300 3471 373 3530 haec
397 3472 570 3548 antiquiora
592 3472 711 3531 uomina
733 3475 763 3530 et
785 3473 936 3530 recentius
963 3474 1050 3531 cunei
1075 3490 1181 3530 nomen
1206 3491 1250 3530 ra·

123 3573 236 3632 tionem
259 3572 410 3650 quandam
435 3572 629 3633 intercedere.
674 3574 753 3632 Fieri
779 3569 923 3649 potuitli,
953 3579 986 3632 ut
1008 3574 1132 3632 Romani
1154 3573 1250 3632 forma

123 3674 204 3734 illius
226 3673 360 3750 regionis
383 3692 478 3734 cuneo
502 3673 582 3733 haud
604 3675 739 3734 dissimili
761 3673 993 3745 adducerentur,
1018 3679 1050 3733 ut
1065 3676 1185 3734 uomina
1200 3675 1250 3735 illa

123 3776 262 3837 similiter
291 3778 429 3836 sonantia
461 3778 537 3837 idem
570 3779 672 3837 valere
703 3795 737 3836 ac
760 3794 888 3837 cuneum
919 3778 1130 3838 existimarent.
1173 3779 1249 3838 Tum

212 3941 231 4005 ¹)
250 3938 363 4008 Stiehle‚
382 3937 450 3994 Phil.
467 3943 493 3994 ll
514 3956 541 4009 p.
558 3945 604 3993 199
622 3939 686 3994 adn.
700 3946 742 4012 8.⁴

211 4026 235 4090 2)
254 4023 365 4091 Omnia,
389 4039 460 4093 quae
483 4024 519 4078 ad
544 4023 614 4078 hanc
638 4039 694 4078 rem
713 4029 857 4093 spectant,
884 4024 1104 4094 locupletissime
1131 4024 1251 4079 contulit

128 4108 293 4163 lliillcnhoff
307 4109 454 4173 (Deutsch.
473 4107 725 4164 Altertumskunde
738 4109 759 4177 l,
778 4108 804 4163 S.
820 4112 866 4163 112
886 4110 942 4163 und
964 4113 1030 4176 113).

210 4195 233 4262 ³)
254 4193 343 4249 Ulrert
360 4192 440 4260 (Alte
459 4194 561 4261 Geogr.
573 4193 609 4262 ΙΙ,
626 4199 633 4248 1
655 4211 681 4263 p.
696 4198 745 4248 309
763 4200 792 4249 et
809 4197 879 4262 310).
