2858 4732
1236 236 1272 292 :tt

151 414 315 470 retrorsum
347 398 482 486 (μεταξδ
504 401 564 484 μὲν
586 387 649 464 οὖν
671 404 732 464 τοῦ
755 395 962 484 Σούκροινος
985 402 1045 463 aab
1067 405 1125 486 τῆς
1148 405 1275 486 Καρχη-

151 501 265 584 δόνος)
282 517 312 571 et
327 512 462 587 protinus
483 495 599 582 (πάλιν
615 494 644 567 δ
660 502 716 567 έπῖ
734 494 864 586 θάτερα
879 506 941 567 τοῦ
957 499 1162 587 Σοήδκριονος
1177 500 1276 582 ἰόντι)

112 621 114 625 ’
150 615 322 691 depingens
345 633 380 672 ea
402 619 530 680 enarrat,
554 630 632 688 qliae
656 614 683 671 in
709 612 825 688 periplo
848 612 918 670 inde
942 613 1156 688 acarthagine
1180 631 1276 689 usque

151 716 192 775 ad
226 717 305 776 lberi
336 716 442 775 ostium
477 714 618 790 deinceps
652 715 818 772 exstabant.
871 716 976 790 ltaque
1012 717 1143 790 exeeptis
1177 716 1276 774 verbis

151 820 185 880 O.
198 822 259 879 158
283 823 358 877 extr.
380 804 400 894 ἦ
424 802 452 874 δ’
475 808 614 874 ἐνθένδε
640 862 644 872 ,
670 861 675 872 .
702 861 707 872 ,
734 860 740 871 .
769 807 833 891 έχει
856 801 918 873 τὸν
942 802 1136 893 Σοδκραινα
1168 835 1276 876 censeo

151 923 261 997 omnia,
284 940 362 997 quae
385 922 413 978 in
438 921 494 978 lrao
518 939 581 994 par.
603 917 709 977 Strabo
733 921 762 976 in
787 918 915 977 medium
940 920 1012 993 fert,
1035 939 1071 978 ex
1095 920 1276 980 Artemidori

151 1025 271 1100 periplo
293 1024 386 1099 petita
408 1040 481 1095 esse,
505 1023 558 1079 nisi
583 1021 664 1096 qnod
688 1023 717 1079 in
742 1021 926 1095 Carthagine
949 1021 1147 1080 describenda
1170 1024 1275 1099 partim

151 1126 280 1201 Polybio
304 1143 376 1183 usus
399 1132 453 1183 est.

682 1294 753 1362 §l

239 1433 275 1490 Iu
309 1431 412 1506 primis
445 1430 564 1506 quidem
589 1431 701 1505 verbio,
744 1435 776 1489 nt
807 1430 1089 1506 demonstravimus,
1127 1432 1277 1491 stadiasmi

153 1553 225 1594 orae
247 1534 355 1592 divisio
387 1538 478 1608 patet.
523 1533 568 1592 De
596 1533 766 1592 Tarracone
796 1551 867 1591 vero
902 1535 976 1592 urbe
1014 1535 1042 1591 in
1077 1535 1193 1610 periplo
1227 1537 1278 1593 vix

152 1638 241 1712 plura
265 1635 345 1694 dieta
368 1638 454 1694 erant
476 1653 565 1710 quam
590 1620 744 1711 ἀλίμενος
765 1628 834 1710 μέν,
858 1627 894 1691 έν
910 1624 1030 1712 κόλπῳ
1048 1629 1083 1692 δὲ
1106 1627 1276 1714 ἱδρυμένη.

155 1738 238 1812 Quae
263 1742 432 1814 sequuntur
455 1737 499 1797 ,de
529 1736 732 1813 magnitudine
764 1745 793 1797 ct
823 1739 926 1813 vigore
956 1738 1045 1814 hujus
1080 1739 1161 1798 urbis
1185 1740 1279 1815 ipsius

154 1846 251 1900 aetate
276 1840 363 1898 valde
387 1846 484 1914 arrcto,
515 1841 670 1914 capotius
704 1859 755 1898 ore
779 1859 867 1916 quam
890 1841 983 1898 literis
1007 1858 1073 1898 enm
1098 1843 1278 1917 comperisse

154 1946 390 2003 consentaneum
414 1950 466 2000 est.
510 1943 625 2001 Deinde
647 1944 677 1999 in
701 1942 817 2017 periplo
849 1941 1026 2017 Gymnesiae
1056 1945 1170 2003 insulae
1203 1962 1279 2003 com·

154 2050 360 2105 memorantur
382 2051 451 2102 ante
476 2043 552 2101 hane
582 2062 652 2102 orae
684 2050 798 2119 partem
828 2045 909 2103 sitae.
931 2077 934 2095 ι
960 2045 1101 2104 Fortasse
1132 2047 1277 2121 quispiam

154 2147 254 2207 verbis
275 2129 512 2225 Ἐρατοσθένης
542 2138 576 2202 δε
612 2140 668 2202 καὶ
696 2131 893 2223 ναύστθμον
925 2136 1010 2223 έχειν
1039 2139 1143 2224 (μησὶν
1171 2133 1279 2225 αδτήν

155 2249 339 2324 adducatur,
369 2252 402 2306 ut
424 2249 510 2306 etiam
535 2249 740 2306 Eratosthenis
764 2248 993 2323 descriptionem
1024 2248 1209 2308 aStrahone
1233 2238 1280 2309 hie'

156 2351 318 2411 adhibitam
342 2367 406 2408 esse
430 2355 557 2408 censeat.
602 2350 660 2410 Sed
684 2368 743 2408 rem
769 2369 826 2408 non
851 2353 891 2408 ita
914 2369 988 2425 csse,
1018 2353 1183 2426 apparebit,
1213 2371 1278 2410 cum

157 2472 260 2513 omnes
283 2454 374 2528 locos,
397 2454 447 2511 ubi
470 2454 499 2511 in
523 2454 686 2528 Hispaniae
709 2453 909 2529 descriptione
928 2454 1142 2513 Eratosthenes
1163 2455 1280 2530 citatur,

154 2557 401 2630 spectaverimus.
444 2554 520 2614 Tres
547 2563 627 2613 sunt:
652 2574 675 2612 e.
693 2559 782 2630 2,11,
805 2555 835 2615 Ο.
859 2558 928 2615 148.
958 2550 1013 2612 καὶ
1042 2539 1280 2634 Ἐρατοσθένης

159 2650 196 2714 δὲ
218 2645 282 2734 τὴν
307 2654 426 2733 συνεχῆ
448 2654 489 2731 τη
511 2646 630 2732 Κιίλπη
664 2650 867 2735 Ταρτησσίδα
887 2652 1073 2734 Ικαλεῖσθαί
1104 2670 1192 2737 φησι,
1224 2652 1284 2715 καὶ

157 2742 328 2836 Ἐρύθειαν
356 2756 461 2835 νῆσον
483 2743 674 2836 εὐδαίμονα.
719 2744 804 2835 πρὸς
835 2744 874 2815 ὃν
893 2742 1129 2836 Ἀρτεμίδωρος
1153 2744 1279 2817 ἀντιλέ-

158 2876 229 2938 γων
251 2853 434 2918 καὶταῦτα
458 2855 592 2936 ψευδῶς
616 2855 771 2938 λέγεσθαί
794 2872 873 2939 φησι
895 2845 953 2918 ὑπ’
978 2846 1093 2933 αὐτοῦ,
1124 2850 1279 2939 καθάπερ

155 2959 211 3021 καὶ
234 3009 241 3021 .
268 3009 274 3020 .
300 2982 323 3022 e.
339 2967 397 3040 4,’7
423 2964 454 3022 O.
468 2968 527 3024 159
551 2949 790 3041 Ἐρατοσθένης
815 2956 849 3020 δὲ
876 2957 931 3020 καὶ
955 2952 1173 3041 ναύσταθμον
1196 2955 1281 3040 έχειν

158 3061 258 3144 φησὶν
287 3050 404 3143 αὐτήν,
433 3050 511 3124 ου’δε
542 3051 798 3144 οίγκαροβολίοις
828 3055 957 3144 σφόδρα
989 3051 1206 3142 εὐτυχοιυσαν,
1237 3054 1281 3134 ὡς

156 3155 345 3246 α’ντιλέγαιν
368 3162 499 3247 εἴρηκεν
513 3153 748 3246 Ἀρτεμίδωρος
772 3190 795 3229 c.
812 3174 870 3246 5,5
896 3169 926 3229 (l.
945 3174 1017 3230 170:
1041 3161 1124 3228 ένιοι
1148 3165 1183 3227 δε
1205 3153 1281 3246 στή-

157 3268 216 3340 λας
243 3257 417 3342 ὑπέλαβον
439 3260 501 3348 τὴν
524 3257 663 3350 Κάλπην
686 3265 742 3328 καὶ
764 3257 826 3350 την
843 3256 1013 3345 cildiberto,
1041 3262 1081 3329 τδ
1105 3255 1282 3350 ἀντικείμε-

159 3387 221 3429 νον
244 3358 321 3450 δρας
340 3365 380 3430 έκ
402 3370 462 3451 τῆς
484 3363 616 3451 Λιβύης,
640 3359 659 3430 b'
679 3386 781 3452 φησιν
795 3359 1035 3453 Ἐρατοσθένης
1051 3367 1087 3432 έν
1109 3370 1157 3452 τῷ
1174 3372 1281 3433 Μετα-

158 3468 271 3552 λαινίῳ
293 3470 479 3553 Νομαδικρί
503 3467 595 3534 ἔθνει
619 3467 793 3553 ἱδρῦσθαι·
820 3468 852 3534 οἱ
876 3470 911 3534 δε
931 3469 989 3546 τὰς
1004 3471 1148 3555 πλησίον
1172 3468 1283 3535 ἑκατέ-

157 3593 219 3652 ρου
242 3571 389 3656 νησῖδας,
413 3561 461 3634 διν
483 3567 547 3656 την
569 3563 798 3658 ἑτέρανἩρας
821 3575 925 3660 νῆσον
947 3563 1180 3657 ὀνομάζουσιν.
1215 3563 1282 3656 Ἁρ-

159 3673 340 3756 τεμίδαιρος
367 3673 403 3737 δὲ
425 3669 488 3756 τὴν
510 3673 570 3756 μέν
601 3677 658 3758 της
673 3667 773 3759 Ἥρας
795 3678 902 3758 νῆσον
923 3676 978 3738 καὶ
1001 3666 1093 3759 ἱερὸν
1117 3676 1202 3758 λέγει
1225 3665 1281 3738 αδ-

82 3808 84 3812 *
158 3777 227 3859 τῆς,
251 3768 360 3858 δλλην
382 3766 464 3840 δὀδ
486 3796 588 3861 φησιν
612 3771 696 3841 εἷναί
718 3800 792 3841 τινα
816 3768 859 3841 ου’
882 3768 1080 3856 δΆβίλυκα
1103 3769 1182 3861 δρας
1203 3768 1283 3841 οὐδὲ

157 3873 380 3961 Μεταγιδνιον
402 3874 520 3954 ἔθνος·
544 3887 658 3960 Quibus
670 3887 744 3946 loeis
766 3886 911 3945 dubitatio
928 3905 987 3945 non
1011 3893 1065 3964 est,
1088 3887 1159 3963 quin
1176 3887 1282 3963 omnia,

158 4005 236 4060 qliae
269 3986 350 4062 apud
382 3988 557 4047 Strabonem
589 4007 626 4046 ex
657 3989 863 4047 Eratosthenis
893 3988 1053 4065 Hispaniae
1083 3990 1281 4066 descriptione

158 4095 279 4146 servata
302 4089 370 4162 siut,
394 4091 482 4148 etiam
506 4091 585 4165 apud
610 4091 830 4148 Artemidorum
855 4096 959 4150 eontra
974 4091 1201 4150 Eratosthenem
1225 4074 1282 4147 δίε-

159 4196 313 4264 putantem
339 4193 458 4250 l‘uerint.
497 4193 645 4269 Agedum,
669 4212 734 4251 cnm
751 4193 859 4252 Strabo
882 4194 911 4252 in
927 4196 1071 4269 Hispania
1093 4193 1284 4270 depingenda
