2858 4732
427 1426 495 1494 Cap.
511 1431 531 1493 1,
549 1427 581 1495 ἐξ
598 1431 677 1481 1-6.
713 1428 775 1482 Cas.
792 1431 940 1480 lau-lau.

653 1570 714 1640 §L

205 1654 318 1732 Strabo
348 1678 506 1751 postquam
536 1674 611 1734 libro
635 1674 730 1749 primo
755 1679 784 1733 et
806 1673 938 1733 seeundo
970 1674 1183 1751 prolegomena
1207 1674 1245 1733 ad

121 1776 211 1834 totius
234 1780 331 1835 torrae
355 1775 587 1853 descriptionem
611 1776 765 1852 exposuit,
794 1776 868 1835 libro
897 1776 985 1835 tertio
1009 1776 1047 1836 ad
1071 1776 1245 1852 Hispaniam

122 1878 245 1952 primam
263 1879 401 1953 Europae
424 1878 619 1938 oeeidentaiis
643 1882 757 1956 partem
782 1877 1003 1956 depingendam
1024 1879 1142 1938 transit:
1166 1879 1245 1954 qnod

121 1980 253 2038 etotius
284 1981 382 2057 operis
415 1980 601 2040 institutione
634 1985 663 2040 et
694 1980 800 2040 ordine
832 1979 894 2040 fieri
931 1981 1026 2058 prima
1057 1981 1246 2058 paragrapho

122 2082 260 2159 explieat.

653 2186 714 2255 Μ.

207 2286 323 2345 Deinde
344 2305 407 2361 par.
423 2287 517 2346 altera
540 2287 704 2362 qualisnam
721 2289 758 2345 sit
775 2288 861 2347 buius
881 2292 979 2347 terrae
996 2287 1130 2347 fertilitas
1152 2287 1247 2347 forma

121 2388 237 2463 speeies
254 2387 385 2447 breviter
402 2389 631 2448 demonstratur.
676 2389 732 2447 Vix
754 2390 912 2466 quisquam
929 2389 1119 2464 existimabit,
1140 2390 1245 2449 harum

122 2509 220 2549 rerum
245 2490 378 2549 notitiam
404 2491 440 2550 ab
465 2510 524 2550 uno
556 2490 686 2567 quodam
719 2491 865 2567 seriptore
889 2490 1063 2550 Strabonem
1096 2493 1247 2568 petivisse.

123 2594 147 2651 Ε
171 2592 320 2652 contrario
345 2599 577 2652 consentaneum
602 2596 646 2652 est
669 2593 875 2670 geographum
899 2593 1008 2669 exiis,
1035 2614 1112 2670 qnae
1136 2595 1172 2654 de
1196 2594 1245 2653 lli-

122 2694 246 2768 spauiae
263 2695 328 2753 aiiis
345 2695 478 2771 partibus
495 2695 575 2772 apud
592 2695 667 2754 aiios
683 2700 821 2755 arretores
842 2695 1015 2771 invenisset,
1037 2697 1131 2772 ipsum
1149 2696 1246 2756 auimo

122 2796 176 2855 sibi
209 2797 362 2856 effinxisse
393 2799 550 2873 imaginem
582 2798 671 2857 totins
701 2802 809 2856 terrae.
864 2799 929 2857 iloe
960 2802 1058 2858 autem
1093 2798 1245 2858 reeordari

121 2903 247 2974 oportet,
270 2898 339 2958 huie
363 2899 438 2959 libro
463 2900 535 2957 nibil
560 2900 667 2976 inesse,
697 2900 778 2975 quod
801 2900 864 2976 ipse
888 2900 1036 2975 aspiciens
1059 2902 1245 2976 cognoverim

121 3000 200 3076 qnod
233 3001 332 3061 elucet
355 3021 370 3062 e
394 3003 431 3061 ll.
462 3005 530 3076 e5,
552 3006 589 3061 11
615 3001 646 3062 C.
673 3006 745 3062 117:
777 2991 972 3080 ἐπήλθομεν
1001 2997 1036 3061 δὲ
1067 2995 1122 3060 ἐπὶ
1152 2991 1249 3061 δύσιν

120 3097 181 3180 μὲν
204 3087 271 3162 dari
294 3088 533 3182 τῆςΆρμενίας
554 3097 647 3182 μέχρι
670 3101 740 3162 τῶν
763 3093 848 3162 κατὰ
869 3094 1028 3182 Σαρδόνα
1049 3094 1167 3163 τόπων
1188 3101 1248 3182 τῆς

127 3199 317 3283 Τυρρηνίας.

652 3310 715 3378 §ta

196 3412 252 3469 dte
275 3411 331 3469 hae
354 3430 424 3488 par,
448 3412 476 3470 in
501 3431 560 3488 qua
584 3411 677 3470 verba
699 3411 774 3470 fiunt
797 3412 833 3470 de
858 3411 951 3488 figura
975 3410 1084 3471 finibus
1107 3413 1163 3470 situ
1187 3431 1245 3470 am-

123 3513 184 3573 bitu
209 3513 381 3590 Hispaniae,
405 3532 486 3572 nune
509 3513 629 3590 quidem
653 3515 856 3589 quaestionem
881 3533 939 3572 non
963 3514 1153 3589 instituimus,
1177 3514 1247 3590 quia

122 3634 183 3692 quo
199 3634 236 3674 ex
259 3615 342 3675 fonte
365 3614 470 3676 Strabo
495 3615 569 3674 iraee
601 3616 742 3691 hauserit,
765 3616 837 3674 latet
860 3633 958 3691 neque
981 3617 1065 3692 prius
1088 3616 1189 3693 aliqua
1209 3635 1246 3675 ex

121 3722 206 3792 parto
230 3719 359 3795 perspiei
383 3736 472 3795 posse
498 3718 567 3776 mihi
592 3716 711 3778 videtur
734 3736 822 3795 quam
847 3718 983 3794 quaestio
1006 3717 1081 3778 haee
1102 3719 1159 3776 iam
1181 3737 1246 3795 pro-

121 3826 207 3880 veeta
230 3821 276 3880 sit
319 3820 521 3881 Transeamus
543 3820 635 3897 igitur
659 3838 737 3879 nune
758 3818 796 3878 ad

614 3975 650 4046 ἓξ
668 3979 752 4036 4-τὸ

122 4078 170 4137 nbi
196 4076 234 4139 de
257 4079 464 4156 promunturio
481 4077 572 4138 Sacro
596 4079 704 4154 agitur.
748 4078 793 4137 Ae
809 4079 935 4155 primum
959 4078 1079 4156 quidem
1099 4097 1135 4138 oa
1150 4097 1246 4139 secer·

123 4198 239 4258 namus,
269 4199 346 4258 quae
370 4181 477 4242 Strabo
506 4181 570 4257 ipse
594 4185 696 4240 mutua
726 4184 844 4258 sumpta
867 4199 934 4241 esse
963 4181 1082 4242 indicat.
1127 4183 1158 4241 ln
1183 4200 1246 4257 par.
1335 4270 1340 4279 ,
