2858 4732
148 192 187 252 28

149 367 302 424 llalaeam.
341 367 399 441 lpsi
423 371 530 436 aritern⁷
548 371 580 424 ut
597 365 658 424 vlro
676 366 775 441 desto,
792 372 892 425 uotum
910 370 974 424 erat
990 355 1275 443 (numerariorum),

149 471 319 528 Maenaeanr
344 487 409 527 esse
433 469 564 528 ultimam
588 469 802 527 Plroeaiearunr
828 487 933 527 versus
949 487 1085 527 oceasum
1111 469 1275 544 civitatem,

149 571 277 630 dirutam
303 571 421 648 quidem
455 572 506 630 sed
531 573 630 630 adlrue
652 571 781 647 vestigia
810 571 931 646 originis
954 572 1138 630 retinentem.
1184 571 1274 629 Deni-

149 693 207 750 que
236 692 295 750 quo
326 675 422 750 spatio
456 676 598 733 Maenaoe
628 693 645 731 a
677 674 770 750 Calpe
801 673 924 732 distaret
954 678 983 732 et
1019 674 1094 731 inter
1126 692 1274 749 qrraouam

149 775 262 852 oppida
285 777 349 834 eius
373 777 538 852 parietinae
562 780 729 853 exstarent,
760 775 936 835 Strabonem
969 777 1090 835 omnino
1122 777 1276 851 ignorasse

149 878 317 953 colligimus
348 879 487 937 overbis
515 879 602 937 nimis
625 879 757 938 insertis:
789 863 861 936 ἀλλ’
889 871 999 956 ἐκιίνιγ
1026 861 1277 955 praecinentium

153 969 386 1059 triplicibusue,
420 969 564 1039 Μάλανα
587 975 623 1039 δὲ
645 975 790 1060 πλησίον
812 976 958 1058 μᾶλλονι
991 1000 1050 1056 qua
1084 1000 1099 1039 e
1134 999 1166 1039 re
1190 980 1278 1039 simul

42 1070 44 1075 Α
149 1088 281 1158 apparet,
306 1084 334 1142 in
358 1084 473 1160 periplo
497 1083 570 1142 nihil
593 1085 735 1160 seriptum
760 1084 852 1144 fnisse
876 1084 913 1142 de
936 1085 1087 1142 Maenaee.

676 1287 743 1358 §d

237 1408 312 1466 Mira
335 1408 443 1483 verba,
470 1427 548 1484 quae
579 1428 626 1484 ap.
649 1408 790 1485 Steplran.
821 1409 858 1467 de
880 1408 1002 1468 Abdera
1025 1409 1135 1484 oppido
1166 1409 1234 1467 slr.
1252 1429 1278 1466 v.

150 1514 282 1570 exstant:
305 1555 312 1569 .
335 1498 460 1579 ,πόλις
482 1494 617 1589 Ἰβηρίας
639 1500 724 1587 πρὸς
743 1517 814 1581 τοῖς
829 1505 1010 1589 Γαδείροις,
1033 1498 1078 1580 ὡς
1091 1495 1279 1588 Ἀρτεμίδω-

152 1630 210 1688 ρος
233 1605 271 1670 ἐν
294 1605 439 1689 δευτέρῳ
461 1630 505 1689 γ.,
529 1614 656 1688 intelligi
679 1614 727 1671 vix
750 1617 876 1690 possunt
898 1621 988 1690 atque
1011 1614 1192 1673 Artemidori
1217 1616 1277 1690 epi-

151 1721 249 1774 tornae
273 1715 388 1774 auetori
412 1714 568 1774 debentur.
613 1716 710 1792 Supra
733 1716 790 1774 lroo
811 1715 952 1793 oppidum
976 1717 1005 1774 in
1030 1716 1179 1775 montibus
1202 1717 1278 1792 peri-

150 1818 219 1893 plus
243 1821 453 1876 commemorat
469 1816 634 1893 Odysseam
658 1818 799 1894 oppidum
820 1805 880 1892 (ως
892 1863 902 1896 Ι.
923 1863 928 1874 .
944 1811 1001 1875 καὶ
1015 1801 1277 1896 Ῐιίρτεμίδωροςμ

152 1939 212 1996 qua
235 1939 268 1978 re
291 1920 430 1980 Straboni
460 1920 577 1979 oeeasio
601 1921 724 1980 offertur
748 1920 786 1979 ad
811 1921 1022 1996 digressionem
1048 1920 1216 1980 faciendam
1240 1922 1277 1980 de
1355 1914 1357 1919 ’

151 2021 334 2098 quibuslibet
371 2023 571 2082 monumentis
595 2023 643 2081 'ad
680 2023 801 2082 Homeri
842 2023 1028 2082 narrationes
1065 2024 1279 2100 spectantibus.

151 2126 268 2184 Nomen
291 2125 411 2201 quidem
441 2111 605 2184 illisionem
627 2125 756 2185 fortasse
787 2127 870 2186 solus
895 2127 1073 2185 Posidonius
1096 2126 1187 2197 dedit,
1209 2132 1212 2137 ‘
1233 2127 1280 2185 Ab

151 2229 329 2303 Asclepiade
343 2228 499 2304 Myrleano
521 2247 584 2287 eam
602 2229 782 2305 appellatam
799 2247 863 2289 esse
878 2213 1039 2299 Ὀδυσσεῖς
1055 2233 1136 2288 eerto
1153 2234 1280 2306 apparet

152 2350 168 2390 e
200 2331 368 2390 nominibus
404 2349 481 2406 quae
524 2336 706 2407 sequuntur:
732 2316 930 2408 Λμφίλοχοι,
966 2316 1129 2410 Ἕλληνες.
1183 2332 1278 2390 Etiam

152 2433 233 2508 apud
251 2433 350 2510 Stepb.
366 2452 388 2492 s.
405 2433 434 2496 lr.
453 2453 479 2492 v.
494 2452 601 2493 nomen
624 2419 785 2503 Όδοσσιῐς
808 2434 949 2492 traditum
973 2439 1025 2492 est.
1069 2433 1154 2506 Quae
1171 2434 1280 2493 deindo

154 2542 222 2612 post
244 2535 433 2612 Asclepiadis
456 2537 549 2596 verba
572 2535 583 2608 ί
607 2581 613 2593 .
636 2581 643 2595 .
667 2522 869 2608 ,διαβάντος
892 2528 937 2606 εἰς
959 2526 1023 2614 τὴν
1037 2521 1185 2606 Ἰταλίαν)
1198 2534 1217 2608 ¹)
1242 2539 1278 2596 ab

152 2637 342 2698 Artemidoro
375 2639 482 2715 petivit
515 2638 551 2698 de
574 2639 771 2716 Lotophagis‚
807 2640 933 2715 sumpsit
963 2658 1000 2698 ex
1032 2640 1095 2698 eins
1126 2639 1281 2716 deser-ipti-

153 2760 209 2800 oue
232 2741 361 2818 Libyae:
391 2759 415 2799 e.
431 2745 460 2816 4,
474 2744 501 2800 3.
526 2741 657 2802 O.157.:
680 2729 873 2817 σιτούμενοι
896 2728 1036 2814 λωτόν,
1065 2727 1170 2799 πόαν
1192 2732 1282 2800 τινὰ

58 2864 62 2873 ·
153 2838 220 2901 καὶ
244 2833 356 2921 ῥίζαν
373 2869 413 2889 =
437 2844 520 2904 XVII
541 2849 569 2921 3,
581 2848 609 2915 8,
639 2844 747 2905 deae
777 2827 881 2914 αάτδς
909 2837 944 2902 δὲ
967 2826 1281 2922 (ιαίίρτεμίδωρος)

153 2993 160 3005 .
195 2991 200 3004 .
236 2991 243 3005 .
275 2963 368 3016 τινας
413 2937 539 3024 ἱστορεῖ
563 2933 792 3024 Λωτοφάγους
824 2993 829 3003 .
858 2992 864 3003 .
892 2952 1041 3004 σιτοιντο
1075 2939 1109 3004 δὲ
1142 2936 1281 3020 λωτόν,

153 3039 259 3108 ιιόαν
289 3034 379 3107 τινὰ
408 3044 474 3107 καὶ
505 3039 710 3128 ῥίζαν...
762 3051 797 3109 lu
829 3052 961 3109 extrema
997 3054 1059 3108 tum
1091 3050 1282 3126 paragrapho

154 3152 204 3211 alil
234 3154 405 3230 Lotophagi
440 3153 581 3212 dieantur·
713 3145 889 3222 οἰκοῦντες
1018 3137 1083 3230 τήν
1103 3140 1282 3229 Μήνιγγα.;

156 3274 283 3331 quorum
313 3244 453 3314 notitiam
470 3254 577 3314 Strabo
599 3255 725 3332 Polybio
749 3255 851 3315 debet:
875 3257 1003 3334 1‚2,17‚
1027 3254 1057 3314 0.
1075 3258 1128 3315 25:
1158 3248 1214 3311 καὶ
1242 3244 1285 3312 τὰ

76 3349 78 3354 ’
154 3349 190 3414 ἐν
221 3354 260 3433 τῇ
283 3346 429 3434 Μήνιγγι
463 3351 499 3415 δὲ
528 3363 599 3427 τοῖς
629 3351 707 3434 περὶ
741 3354 810 3416 τῶν
843 3346 1065 3435 Λωτοφάγων
1099 3349 1283 3435 εἰρημένοις

156 3465 351 3536 συμφωνεῖν
381 3459 434 3533 (se.
457 3448 628 3532 Πολύβιος
651 3452 792 3538 εἴρηκεν)
824 3461 916 3520 XVII.
940 3466 1035 3536 3,17‚
1058 3460 1189 3520 C.834.:
1220 3445 1284 3536 τὴν

157 3556 191 3620 δὲ
215 3551 369 3640 Μήνιγγα
393 3557 587 3640 νομίζονσιν
610 3551 779 3641 εἶναιτὴν
801 3560 873 3621 τῶν
892 3551 1114 3640 Λωτοφάγων
1136 3558 1198 3641 γῆν
1221 3547 1284 3639 τὴν

157 3648 214 3738 ὑφ)
233 3653 376 3742 Ὁμήρου
393 3658 584 3743 λεγομένην,
602 3659 657 3721 καὶ
674 3659 844 3723 διίκνυταί
867 3682 942 3722 τινα
959 3650 1119 3741 σύμβολα,
1142 3659 1197 3721 καὶ
1219 3662 1283 3738 βω-

157 3756 218 3843 μὸς
234 3751 408 3836 Ὀδυσσέως
425 3761 482 3825 καὶ
504 3751 604 3836 αὐτὸς
628 3754 646 3825 δ
669 3757 820 3844 καρπός.
838 3753 927 3826 ιιολδ
957 3756 1019 3845 γάρ
1043 3758 1111 3825 ἐστι
1137 3755 1176 3824 τὸ
1201 3760 1284 3824 δέν-

158 3865 178 3928 δ
184 3887 254 3949 ρον
277 3862 313 3927 ἐν
329 3853 413 3946 αι’τῇ
427 3860 466 3928 τδ
483 3860 696 3947 καλούμενον
712 3860 838 3943 λωτόν,
862 3861 950 3948 ίχον
965 3854 1101 3949 ἥδιστον
1116 3858 1281 3945 καρπόν.

158 3974 391 4049 1³0lyb.n11.2
423 3973 563 4044 (Hultsolr
588 3992 616 4049 p.
632 3971 705 4045 809)
730 3962 799 4031 ἔστι
823 3967 856 4030 δὲ
880 3963 924 4030 td
948 3966 1114 4050 δζένδρον
1137 3959 1155 4029 ὁ
1176 3962 1285 4042 λωτὸς

158 4108 360 4118 ,.--.--.-.

247 4174 266 4238 ¹)
284 4169 377 4223 bluell.
396 4169 413 4224 ί.
424 4170 448 4223 lr.
462 4186 488 4237 g.
507 4169 557 4221 Ill.
577 4187 602 4238 p.
616 4175 673 4232 2101,
693 4186 718 4221 n.
733 4176 755 4222 ι’).
