2858 4732
1240 239 1278 297 15

155 412 275 472 barum·
292 429 391 471 rernm
422 410 554 487 origines
584 411 790 486 ostendentes,
827 409 935 470 deinde
966 412 1021 469 lrac
1051 416 1134 487 parte
1165 411 1284 471 detecta

144 519 354 574 monstremus
385 512 452 590 quis
482 512 591 588 peripli
622 517 726 572 auctor
755 513 805 586 sit,
835 517 896 571 tum
929 513 987 572 bac
1018 514 1122 572 notitia
1145 513 1283 573 instructi

154 616 192 676 ad
216 615 365 692 reliquam
389 634 460 675 orae
484 615 650 674 maritimae
681 613 911 690 descriptionem
936 614 1176 689 perlustrandum
1199 632 1282 674 aece-

156 717 271 779 damus.
316 719 360 777 ua
382 721 491 794 autern,
513 735 591 794 quae
607 716 644 775 de
664 735 735 776 orae
758 717 823 776 sive
845 718 936 776 totins
952 717 1113 794 Hispaniae
1137 717 1284 777 mensuris

155 820 279 880 aliunde
298 819 336 879 ad
357 819 438 880 hunc
453 819 600 896 periplum
617 817 796 889 adiciuntur,
820 819 848 876 in
865 820 1037 894 praesentia
1051 818 1171 896 quidem
1186 819 1283 879 seiun-

156 923 256 999 genda
279 922 367 982 modo
389 926 468 997 sunt,
490 921 561 999 quia
584 939 729 997 quosnam
752 925 874 981 autores
888 920 918 980 in
934 921 1080 997 Hispania
1103 919 1284 980 dimetienda

155 1023 265 1085 Strabo
295 1022 478 1092 adhibuerit,
513 1023 582 1082 item
616 1023 766 1099 propriam
797 1028 827 1081 et
858 1041 946 1081 unam
981 1040 1046 1081 esse
1078 1023 1281 1099 quaestionem

155 1126 325 1203 apparebit.
1293 1132 1296 1141 “

698 1307 739 1371 Α.

414 1431 612 1492 Exordiamur
635 1431 726 1506 igitur
752 1451 814 1492 ac.
829 1436 896 1509 1,7,
912 1432 943 1492 0.
959 1436 1027 1492 139.

690 1569 752 1636 il.

242 1687 381 1764 Periplus
405 1707 422 1745 a
444 1691 543 1747 monte
566 1687 660 1764 Calpe
692 1688 838 1764 incipiens
860 1688 956 1747 tendit
979 1688 1017 1747 ad
1048 1687 1190 1765 oppidum
1214 1688 1284 1749 Oar-

158 1791 255 1850 teiam.
300 1790 485 1849 Postremum
512 1787 618 1848 deinde
643 1790 732 1848 huius
754 1809 817 1867 par.
833 1789 1019 1850 enuntiatum
1043 1781 1140 1863 (ἔνιοι
1164 1782 1198 1848 db
1214 1783 1283 1860 καὶ)

160 1893 304 1968 originem
328 1892 448 1951 aliunde
472 1900 561 1968 alque
585 1910 619 1949 ea
643 1910 721 1967 quae
742 1892 934 1968 antecedunt,
956 1892 1075 1951 trabere
1091 1892 1197 1951 Strabo
1221 1894 1285 1968 ipse

159 1993 280 2054 indicat.
325 1993 441 2052 Deinde
463 1995 491 2052 in

692 2131 753 2199 §e

163 2257 232 2328 post
253 2250 396 2327 oppidum
418 2250 584 2308 Mellariam
609 2251 751 2309 Belonem
775 2250 952 2326 navigantes
974 2250 1158 2310 advenimus.
1204 2252 1283 2310 ilinc

161 2353 270 2430 inquit,
301 2353 427 2410 maxime
455 2353 566 2426 TiugIn
598 2352 801 2410 Mauretaniae
830 2353 975 2411 traicitur.
1025 2355 1085 2411 lam
1118 2358 1286 2430 sequuntur·

160 2456 266 2516 verba:
292 2433 336 2532 ἦν
352 2446 387 2512 δὲ
409 2447 466 2511 καὶ
481 2449 579 2532 zotta
600 2451 657 2533 τῆς
685 2449 810 2532 Τίγγιος
834 2437 1051 2530 ἀστυγείτων,
1075 2439 1161 2512 ἀλλὰ
1182 2444 1285 2532 psup'-

159 2569 259 2615 κισαν
281 2542 410 2634 ταύτην
424 2547 456 2626 ἐς
471 2545 532 2634 τὴν
553 2551 696 2632 περαίαν
705 2532 860 2632 ‘Poapuioa
882 2550 938 2613 καὶ
955 2540 1134 2633 ὠνόμασαν
1149 2540 1286 2616 Ἰουλίαν

154 2645 273 2736 ’Ίοζαν
318 2659 420 2718 Facile
438 2659 632 2734 intellegitur,
655 2659 700 2717 his
717 2659 814 2718 verbis
830 2664 964 2719 tenorem
980 2659 1088 2735 peripli
1104 2660 1288 2736 interrumpi,

164 2780 229 2820 cum
252 2763 281 2821 in
306 2780 341 2821 eo
364 2761 507 2838 oppidum
536 2761 615 2836 quod
647 2765 772 2820 vocatur
794 2762 873 2821 dulia
895 2761 969 2820 dona
991 2763 1034 2820 sie
1064 2763 1287 2821 commemorari

162 2868 331 2941 oporteret,
361 2869 394 2922 ut
416 2864 550 2923 eluceret
581 2863 658 2922 inter
688 2882 767 2939 quae
789 2864 854 2922 loca
876 2863 924 2922 vel
955 2863 1066 2940 oppida
1096 2864 1169 2924 illud
1198 2866 1286 2923 sitnm

161 2971 252 3037 esset:
279 2966 360 3044 quod
383 2984 399 3025 e
422 2965 577 3026 Strabonis
602 2966 700 3024 verbis
724 2984 783 3026 uon
808 2971 941 3041 apparet.
986 2965 1102 3025 Deinde
1125 2984 1197 3025 vero
1220 2984 1287 3025 curn

164 3068 244 3129 nulla
267 3068 413 3129 dubitatio
436 3068 482 3142 sit,
505 3069 577 3145 quin
602 3068 658 3127 lroc
682 3069 823 3146 oppidum
846 3069 921 3127 idem
939 3070 977 3127 sit
992 3074 1083 3145 atquc
1098 3068 1288 3128 Transducta

162 3171 324 3232 Ptolemaei
348 3170 389 3244 (ll
406 3169 434 3247 4,
447 3173 476 3239 6)
501 3189 579 3247 quae
600 3173 678 3229 inter
694 3171 838 3231 Carteiam
863 3178 893 3230 et
909 3170 1069 3230 Mellariam
1093 3172 1149 3231 sita
1171 3175 1228 3242 est,
1251 3188 1287 3231 eo

162 3273 257 3349 magis
288 3279 429 3350 apparet,
460 3273 533 3332 liaeo
556 3273 650 3332 verba
673 3272 700 3331 in
726 3273 872 3348 periplum
896 3273 1005 3331 iniecta
1035 3290 1114 3348 esse,
1146 3273 1286 3348 quoniam

164 3375 325 3452 descriptio
350 3376 406 3434 iam
431 3373 468 3433 ad
493 3375 633 3434 Melonem
659 3375 781 3444 fluvium
804 3380 949 3450 provecta
978 3375 1163 3450 aliquantum
1188 3375 1288 3435 resilit.

163 3477 242 3552 Quid
264 3483 363 3538 autem
395 3477 450 3537 t'uit
483 3494 606 3552 causae,
638 3496 690 3536 eur
713 3477 820 3537 Strabo
851 3478 955 3536 mirum
979 3477 1008 3536 in
1040 3476 1172 3553 modum,
1202 3479 1288 3554 quasi

161 3581 380 3640 Mauretaniam
412 3579 608 3654 describeret,
638 3597 693 3654 per
723 3579 908 3638 occasionem
939 3583 1053 3639 tantum
1082 3579 1185 3656 oppidi
1212 3579 1289 3639 Zelis

164 3680 201 3741 de
223 3682 281 3741 lrac
300 3682 461 3758 Hispaniae
485 3681 559 3741 urbe
581 3681 675 3740 verba
696 3680 831 3741 faceret?
875 3679 1021 3757 Equidem
1045 3699 1161 3752 censeo,
1183 3682 1213 3740 in
1236 3700 1287 3756 pe·

163 3784 238 3860 riplo
261 3785 336 3844 haec
358 3783 449 3844 verba
472 3783 575 3843 luisse:
606 3773 771 3842 ἐντεῦθεν
801 3774 833 3841 οἱ
864 3771 1000 3842 doninica
1029 3772 1173 3859 μάλιστά
1204 3775 1287 3842 εἰσιν

162 3878 208 3955 εἰς
234 3879 343 3964 Τίγγιν
373 3879 437 3943 καὶ
461 3881 583 3963 Zoilus
608 3881 667 3964 τῆς
688 3880 925 3963 Μαυρουσίας;
956 3902 1034 3962 quae
1065 3886 1157 3945 verba
1180 3884 1287 3946 Strabo

162 3988 205 4047 sic
227 3988 355 4048 reddere
378 4007 436 4048 uon
461 3989 559 4065 potuit
581 3990 653 4064 quia
683 3992 865 4064 compertum
895 3987 1011 4063 habuit,
1042 3987 1184 4064 oppidum
1207 3989 1287 4047 Zelin

162 4091 191 4148 in
216 4090 404 4150 Mauretania
428 4091 484 4148 iam
508 4107 567 4149 non
591 4108 669 4160 csse,
693 4089 746 4148 sed
770 4091 889 4149 nomine
912 4089 1009 4148 Juliae
1031 4089 1123 4149 Jonae
1145 4091 1174 4148 in
1197 4107 1288 4166 oppo-

162 4193 247 4252 sitam
277 4193 372 4270 ripam
403 4193 590 4252 translatum.
643 4192 709 4264 Qua
741 4211 773 4250 re
803 4191 913 4251 facturn
945 4199 1003 4269 est,
1040 4197 1073 4251 ut
1095 4191 1202 4251 Strabo
1232 4211 1286 4268 por
