2858 4732
150 192 168 250 ὃ

149 372 247 426 antem
271 375 406 444 apparet,
429 385 566 442 graecam
591 369 817 445 appellationem
840 357 937 447 σφήν,
960 385 1049 444 quam
1066 365 1274 425 Artemidorus

149 468 297 540 adhibuit,
327 470 397 528 oriri
426 488 484 529 non
513 469 648 546 potuisse
670 471 726 530 nisi
750 490 766 530 e
790 470 884 530 latina
905 488 981 530 voce
1005 461 1141 530 ‘cuneus’
1166 486 1274 544 graece

150 589 246 630 versa.
290 572 396 648 Itaque
419 591 517 631 noune
542 576 775 632 cousentaneum
799 577 853 647 est,
875 571 1103 641 Artemidorum,
1126 588 1193 630 cum
1216 569 1275 645 pri·

150 692 229 733 mum
252 673 289 735 de
312 675 368 734 hac
391 675 515 750 regione
537 674 662 745 diceret,
693 677 767 735 haee
793 675 855 735 fere
879 675 970 734 verba
992 673 1111 735 fecisse:
1142 665 1212 730 ‘xci
1235 662 1275 752 δὴ

149 769 206 832 καὶ
233 765 297 854 τήν
325 773 474 855 προσεχῆ
504 765 616 852 τούτω
643 766 759 856 χώραν
789 774 829 854 τῇ
851 770 979 852 Λατίνῃ
1009 772 1106 852 φωνῇ
1134 771 1276 833 καλοί-σι

150 867 306 951 κούνεον,
337 876 447 957 σφῆνα
477 874 647 959 σημαίνων
674 870 907 958 βουλόμενοι’ἱ)
952 881 1027 940 Nam
1059 879 1163 955 lingua
1184 878 1277 937 latina

150 998 216 1040 enm
239 981 340 1058 aliqua
363 1001 400 1041 ex
423 989 510 1059 parte
533 982 652 1042 doctum
676 1001 742 1042 esse
768 1002 858 1060 quam
882 984 1007 1042 maxime
1031 980 1276 1058 probaturX1V‚

154 1090 181 1160 1,
194 1089 234 1145 26
251 1085 281 1146 C.
295 1089 355 1146 642
373 1085 485 1146 Stiehle
502 1086 558 1162 fgr.
576 1090 646 1147 127.
688 1088 748 1146 Pro
765 1090 846 1147 certo
863 1085 955 1163 igitur
972 1085 1077 1162 habco,
1098 1085 1275 1145 Strabonem

150 1188 251 1247 omnia
273 1205 350 1265 quae
373 1188 402 1246 in
425 1206 488 1263 par.
511 1192 619 1264 quarto
642 1188 825 1265 profe1·t‚ab
849 1187 1037 1247 Artemidoro
1061 1185 1213 1264 petivisse.

679 1359 695 1427 ξ
720 1362 747 1418 6.

312 1483 338 1538 1.
361 1465 381 1557 ip
405 1472 637 1554 μεσοποταμία
659 1474 721 1536 τοῦ
735 1465 809 1539 Ἄνα
832 1472 887 1535 καὶ
909 1474 971 1536 τοῦ
999 1463 1115 1555 Τὰγοο.

240 1596 437 1673 Gcographus
468 1598 654 1674 expositione
687 1598 724 1656 de
757 1597 965 1674 promunturio
1000 1615 1086 1657 sacro
1118 1597 1156 1655 ad
1188 1596 1277 1656 finem

153 1699 299 1776 perducta
322 1699 443 1758 ineunte
466 1718 531 1776 par.
555 1703 639 1758 sexta
662 1699 700 1759 ad
724 1698 952 1776 descriptionem
977 1703 1076 1759 terrae
1098 1699 1195 1759 fluviis
1211 1698 1278 1758 Aua

153 1804 183 1860 ct
205 1801 290 1878 'Pago
320 1801 507 1877 interceptae
537 1803 652 1862 transit.
696 1802 865 1878 Perpauca‚
896 1820 973 1878 quac
1000 1801 1038 1861 de
1070 1803 1127 1860 hac
1155 1802 1278 1876 regione

153 1903 282 1979 profert,
316 1903 537 1963 concluduntur
571 1903 685 1963 verbis:
725 1889 809 1982 αὕτη
841 1898 902 1982 μὲν
936 1890 1000 1962 οὖν
1032 1893 1052 1982 ἡ
1083 1893 1176 1981 χώρα
1209 1895 1280 1962 ἐστὶ

152 1998 295 2091 μετρίως
317 1988 496 2082 εὐδαίμων.
541 2004 645 2066 Statim
679 2008 755 2064 enim
787 2008 923 2083 sequitur
951 2006 1021 2066 iude
1044 2025 1062 2065 a
1084 1993 1225 2083 verbisc‘p
1251 1989 1279 2063 δ’

153 2098 270 2187 ἐφεξῆς
305 2096 391 2184 πρὸς
429 2097 474 2164 έω
509 2126 592 2185 seqq.
634 2109 838 2184 copiosissima
868 2107 1071 2168 Turdetaniae
1108 2107 1281 2185 descriptio,

155 2227 233 2286 qnae
268 2210 398 2284 pertinet
433 2227 487 2285 per
520 2214 613 2269 totum
648 2215 739 2286 capnt
781 2209 954 2270 seeundum.
1008 2210 1110 2270 Tertio
1138 2209 1281 2286 deinceps

154 2312 251 2388 capite
278 2311 386 2371 iterum
418 2312 531 2371 initium
564 2311 630 2372 fita
652 2313 860 2388 promunturio
891 2311 983 2372 Sacro
1013 2320 1104 2389 atque
1125 2312 1220 2388 prima
1251 2315 1281 2371 et

153 2413 249 2473 altera
283 2431 347 2489 par.
379 2413 481 2472 eadem
513 2414 575 2473 fere
611 2415 693 2489 regio
733 2415 906 2490 depingitur
940 2419 1031 2491 atque
1061 2415 1128 2474 leco
1159 2414 1196 2474 de
1219 2434 1280 2490 que

155 2534 235 2575 nunc
257 2514 389 2574 dicimus.
440 2517 503 2575 Iam
531 2518 658 2593 primum
688 2515 808 2593 quidem
836 2520 1016 2592 spectemus,
1045 2534 1124 2593 quae
1152 2521 1281 2593 utroque

157 2620 222 2678 ioco
245 2617 352 2677 Strabo
380 2618 417 2678 de
441 2618 553 2678 eisdem
585 2617 675 2678 rebus
704 2618 796 2678 dicat:
828 2637 853 2677 c.
867 2623 893 2678 1.
916 2617 981 2688 ἐστ
1004 2612 1139 2697 φέρεται
1162 2603 1191 2676 d'
1214 2603 1282 2677 ἀπὸ

154 2717 225 2779 των
255 2709 351 2798 ἑῴων
383 2714 497 2797 μερῶν
521 2709 686 2798 ἑκάτερος,
721 2703 789 2777 ἀλλ’
821 2707 922 2796 ὁμὲν
953 2705 1009 2778 ἐπ’
1038 2704 1201 2790 εὐθείας
1228 2714 1282 2789 εἰς

154 2811 226 2902 τὴν
249 2812 421 2901 ἓσιτέραν
451 2813 640 2879 ἐκδίδωσι
670 2807 759 2879 πολι)
782 2815 906 2898 μείζων
937 2807 987 2880 ὢν
1009 2815 1168 2899 θατέρου,
1199 2810 1282 2881 ὁδε

154 2912 261 3002 lignee
289 2906 389 3002 ιιρός
418 2913 541 2982 νότον
572 2916 808 3000 ἐπιστρέφει
837 2923 890 2983 cfr.
914 2944 937 2983 ο.
959 2928 986 2995 3,
1017 2925 1080 2984 10.
1098 2928 1156 2985 152
1181 2915 1232 3001 ῥεῖ
1255 2909 1284 2982 0⁰

156 3017 187 3102 (ὁ
217 3016 332 3105 Τάγος)
356 3015 442 3104 έχων
464 3015 523 3096 τὰς
545 3009 647 3103 α’ρχὰς
667 3016 704 3083 ἐκ
720 3015 934 3104 Κελτιβήρων
957 3016 1012 3084 dcci
1026 3010 1212 3085 ’δεττωνων
1227 3022 1281 3085 καὶ

157 3126 392 3210 Καρπητανων
432 3121 488 3186 καὶ
527 3124 727 3187 Λυσιτανῶν
773 3120 837 3186 ἐπὶ
879 3113 992 3186 δύσιν
1033 3119 1284 3209 ἰσημερινήν,

155 3228 249 3312 μέχρι
272 3230 382 3292 ποσοῦ
405 3220 624 3310 παράλληλος
647 3217 697 3288 ὢν
720 3226 768 3307 τῷ
783 3247 818 3288 τε
836 3216 920 3311 Ἄνμ
939 3226 994 3289 ταὶ
1007 3228 1056 3309 τῷ
1071 3226 1180 3305 Beier,
1201 3223 1286 3310 μετὰ

157 3331 320 3396 δὲταῦτα
351 3319 574 3412 ἀφιστάμενος
596 3324 735 3391 ἐκείνων
763 3317 1069 3392 ἀποκλινὸντων
1090 3323 1189 3412 πρὸς
1212 3325 1285 3413 τὴν

157 3429 295 3498 νότιον
317 3430 528 3516 παραλίαν.
574 3434 691 3495 Deinde
718 3452 754 3494 ea
774 3452 851 3510 quae
877 3436 1005 3495 breviter
1028 3436 1169 3496 dicuntur
1185 3439 1285 3498 verbis

158 3563 183 3604 c.
202 3548 227 3603 1.
251 3541 321 3613 §62
344 3533 381 3599 έν
404 3534 440 3599 δὲ
462 3545 534 3609 τοῖς
551 3524 622 3596 ἄνω
637 3531 749 3615 μέρεσι
772 3530 828 3594 καὶ
844 3532 1060 3615 Καρπητανοὶ
1083 3533 1138 3597 καὶ
1153 3523 1285 3619 :teporo-

158 3640 211 3705 νοὶ
234 3638 291 3703 καὶ
321 3628 512 3702 ’ίίεττωνων
534 3633 652 3717 συχνοὶ
675 3633 847 3716 νέμονται,
875 3640 1023 3716 copiosius
1054 3648 1084 3701 et
1115 3644 1285 3704 accuratius

157 3752 276 3810 exstant
291 3750 322 3807 in
339 3766 363 3806 c.
380 3752 412 3823 3,
424 3750 452 3807 2.
475 3745 593 3806 0152:
616 3733 649 3801 ci
666 3725 695 3798 δ’
711 3724 945 3818 ίτιερκείμενοι
960 3759 1043 3819 seqq.
1086 3743 1169 3803 Nihil
1184 3751 1284 3806 autem

156 3851 186 3912 in
218 3852 273 3910 hac
296 3855 382 3910 sexte
409 3867 473 3924 par.
504 3847 672 3906 invenimus
699 3843 736 3902 de
768 3860 821 3903 ora
853 3843 995 3902 maritima
1025 3845 1113 3905 huius
1144 3848 1286 3925 regionis,

157 3973 235 4033 quae
259 3972 283 4012 c.
299 3958 357 4024 3,1
382 3951 564 4028 depingitur.
608 3948 664 4007 Hic
695 3955 798 4006 contra
832 3945 996 4005 incolarum
1024 3949 1132 4008 mentio
1163 3948 1208 4008 fit:
1242 3937 1285 4028 ἣν

160 4049 322 4117 Κελτικοὶ
352 4047 510 4131 νέμονται
540 4037 579 4109 τὸ
602 4042 710 4108 πλέον
739 4093 744 4103 .
770 4092 775 4102 .
802 4032 866 4103 ὑπὸ
891 4029 1074 4124 Ῥωμαίων·
1103 4048 1140 4109 de
1171 4069 1230 4128 qua
1253 4071 1286 4112 re

156 4161 218 4221 iilic
252 4165 377 4219 tacetur.
432 4157 494 4215 lam
528 4173 586 4214 nou
622 4156 666 4212 est
700 4149 831 4223 dubium,
864 4149 935 4223 quin
971 4169 995 4207 c.
1016 4155 1085 4224 3,1.
1118 4149 1284 4228 usellen
