2858 4732
1211 226 1246 286 19

125 397 220 473 hujus
239 415 302 473 par.
326 398 432 455 iterum
462 397 605 454 nonnulla
628 416 643 453 s
668 397 820 455 Posidonii
843 398 917 456 libro
941 399 977 457 de
1000 418 1113 458 oceano
1138 401 1249 475 scripto

124 498 329 575 proferuntur.
373 497 488 557 Deinde
511 499 541 556 in

651 620 720 686 Μ.

124 720 273 796 periplnm
297 721 349 795 qui
378 720 477 777 adhuc
507 721 535 777 in
559 721 636 796 Tagi
660 721 735 778 ostio
765 721 897 779 substitit
925 722 1092 780 continuari
1119 722 1250 780 animad-

124 824 267 881 vertimus
289 822 358 880 inde
381 841 399 879 a
421 822 519 880 verbis
535 811 788 898 γνωριμώτατοι
808 816 844 879 δὲ
859 819 930 880 τῶν
943 820 1109 900 ποταμοῖν
1133 815 1250 904 ἐφεξῆς

123 921 173 1001 τῷ
200 913 294 1002 'l'dycp
311 967 341 979 ..
388 925 454 982 Duo
479 927 597 983 nomina
620 910 661 982 δν
682 941 770 994 τινες
791 919 935 1000 Λιμαίαν
959 917 1042 985 etei
1065 920 1100 983 δὲ
1125 914 1250 984 Μίνιδν

124 1039 228 1100 φασιν
261 1027 299 1084 ad
323 1028 543 1103 appellationes
573 1046 591 1085 a
620 1028 726 1104 peripli
751 1034 873 1086 auctore
904 1028 1030 1090 traditas
1053 1029 1175 1088 aliunde
1199 1028 1249 1086 ad·

125 1131 268 1188 ieiuutnr:
300 1129 469 1205 dequibus
498 1134 605 1205 postea
633 1129 808 1188 videbimus.
861 1130 976 1188 Deinde
1003 1131 1156 1189 Posidonii
1184 1149 1250 1190 sen·

124 1231 219 1291 tentia
249 1232 285 1290 de
309 1233 418 1290 Baenis
449 1232 531 1291 fonte
563 1231 700 1290 refertur.
755 1233 862 1308 Neque
894 1230 1029 1303 dubito¹)
1060 1234 1130 1308 quin
1161 1235 1249 1292 etiam

124 1335 280 1410 sequentia
296 1352 391 1409 usque
407 1334 445 1391 ad
457 1322 671 1410 ἐπιπολάζειν
686 1326 722 1391 ἐν
734 1339 805 1402 τοῖς
821 1327 950 1403 πιδίοις
965 1334 1061 1392 eidem
1076 1335 1251 1412 debeantur,

127 1437 267 1512 quoniam
290 1436 320 1494 in
345 1436 420 1494 libro
444 1436 481 1494 dc
506 1454 619 1495 oceane
643 1438 754 1510 scripte
778 1437 929 1512 aptissime
953 1437 1026 1494 haec
1049 1441 1250 1513 exponuntur.

125 1542 203 1599 Tum
228 1537 335 1597 Strabo
359 1543 517 1614 postquam
543 1539 579 1598 de
595 1540 679 1596 Bruti
703 1539 892 1614 expeditione
916 1558 1010 1614 usque
1033 1558 1068 1598 ee
1091 1557 1251 1615 progressa

125 1641 256 1699 breviter
278 1640 361 1711 dixit,
384 1643 493 1717 pergit:
522 1635 710 1718 aspirandum
734 1628 763 1697 δ
787 1633 870 1698 aiulo
894 1629 993 1698 ίίλλοι
1015 1637 1162 1718 ποταμοὶ
1185 1659 1247 1698 πα-

124 1728 285 1821 ράλληλοι
307 1749 377 1810 τοῖς
402 1740 576 1819 λεχθεῖσιν.
623 1743 793 1801 Verisimile
810 1748 861 1813 cst,
885 1745 914 1802 in
938 1744 1056 1819 periplo
1080 1745 1136 1802 hee
1158 1747 1250 1819 paule

125 1847 296 1905 accuratius
329 1848 497 1921 expositum
537 1864 610 1904 esse.
670 1846 807 1905 Concedo
843 1847 873 1903 in
908 1847 964 1904 lrac
998 1851 1083 1921 parte
1117 1865 1176 1905 non
1210 1847 1251 1905 ita

124 1948 209 2006 firma
232 1967 296 2006 esse
323 1948 428 2023 peripli
453 1947 578 2023 vestigia
606 1955 696 2023 atque
724 1948 924 2006 aPesidonio
956 1967 1064 2022 magna
1094 1967 1131 2008 ex
1163 1954 1250 2024 parte

127 2051 356 2125 descriptionem
390 2051 512 2125 petitam
535 2068 608 2109 esse.
664 2052 802 2108 Attamen
826 2050 850 2108 si
883 2051 1107 2109 consideramus
1141 2052 1251 2127 ubique

125 2154 250 2229 anaplos
266 2152 500 2211 commemorari:
524 2142 634 2228 ἔχουσι
657 2146 693 2209 δὲ
716 2146 773 2209 καὶ
790 2136 963 2221 ἀνάπλους
978 2143 1016 2226 [οἱ
1039 2147 1177 2222 πλείους
1194 2199 1200 2210 .
1219 2198 1248 2211 ..

124 2241 285 2323 Μοδνδας
307 2238 479 2323 ἀνάπλους
502 2245 587 2330 ἔχων
601 2243 743 2331 μικρούς
760 2300 765 2309 .
784 2299 790 2309 .
808 2299 814 2309 .
849 2239 1005 2312 Οδοίκουα
1022 2244 1201 2324 ὡσαύτως.

123 2346 264 2434 Δούριος
292 2345 448 2434 μεγάλοις
476 2341 726 2433 ιίιάπλιόμινος
757 2340 918 2430 cadmean>
949 2401 955 2414 .
980 2399 987 2414 .
1011 2402 1016 2413 .
1050 2355 1167 2427 Βαῖνις
1197 2341 1247 2415 ἐπ’

124 2442 345 2528 ὀκτακοσίους
377 2441 626 2534 δναπλεόμενος
650 2451 806 2525 σταδίους
829 2461 931 2533 negari
954 2478 1014 2518 non
1037 2466 1143 2536 potest,
1167 2478 1249 2518 oram

125 2563 297 2621 maritimam
322 2562 463 2638 primarie
487 2563 552 2620 lece
577 2562 613 2620 de
637 2560 728 2636 pingi.
772 2564 805 2619 A.
829 2562 989 2620 Posidonio
1015 2580 1085 2621 vero
1109 2562 1250 2638 imprimis

125 2664 354 2741 descriptionem
380 2684 439 2723 non
463 2665 584 2738 petitam
601 2683 674 2734 esse,
698 2670 824 2739 apparet
847 2683 884 2722 ex
907 2682 942 2722 eo
965 2665 1045 2739 quod
1070 2665 1159 2740 hujus
1182 2683 1250 2724 sen·

124 2769 219 2825 tentia
249 2767 286 2826 de
309 2768 418 2825 Baenis
442 2768 516 2825 ostio
547 2767 657 2825 diserte
687 2768 849 2842 opponitur·
872 2766 1118 2825 antecedentibus
1141 2768 1252 2843 verbis,

125 2886 202 2945 quae
226 2874 290 2926 arte
311 2869 387 2926 inter
409 2886 440 2926 se
464 2869 638 2927 cohaerent:
662 2853 803 2945 Δούριος
826 2857 914 2945 ῥέων
928 2857 1019 2943 παρὰ
1035 2858 1251 2948 Κελτιβήρων

125 2964 181 3027 καὶ
206 2952 407 3028 Οὐακκαίων
428 2963 601 3038 κατοικίας
624 3015 630 3026 .
657 3015 663 3026 ,
688 3015 694 3026 .
718 2964 775 3027 καὶ
798 2952 899 3038 οὗτος
923 2953 953 3026 δ)
975 2961 1012 3026 ἐκ
1035 2959 1251 3050 Κελτιβήρων

125 3066 181 3129 καὶ
205 3056 408 3131 Οδακκαίων
435 3062 487 3149 ῥεῖ
513 3066 568 3129 καὶ
600 3053 618 3129 ὃ
650 3056 720 3148 μετ’
748 3056 855 3129 αὐτὸν
888 3069 1014 3140 Βαῐνις.
1061 3074 1166 3149 ltaque
1198 3092 1247 3148 pe-

125 3175 193 3250 ripli
224 3177 399 3251 scriptorem
428 3175 516 3234 etiam
545 3177 592 3233 lric
623 3192 688 3234 csse
711 3175 884 3250 primarium
914 3174 1069 3234 Strabonis
1095 3183 1249 3234 auctorem

126 3296 243 3337 censeo.
287 3279 348 3336 lam
371 3281 468 3336 statim
492 3279 662 3353 insequitur
683 3278 713 3335 in
737 3277 798 3347 §5.
821 3278 932 3354 peripli
955 3277 1037 3336 finis:
1058 3261 1198 3335 δστοτοι
1222 3264 1250 3335 δ’

125 3372 280 3438 οἰκοῦσιν
297 3366 467 3457 ζ’ίρταβροι
496 3374 573 3457 περὶ
600 3369 664 3457 τήν
693 3365 800 3458 ἄκραν
829 3363 849 3457 ἣ
878 3377 1028 3437 καλεῖται
1059 3373 1199 3458 Νέρων,
1230 3363 1251 3459 ἢ

125 3477 181 3540 καὶ
203 3479 261 3561 τῆς
284 3472 439 3559 ἑσπερίου
462 3478 610 3558 πλευρᾶς
632 3476 688 3539 καὶ
711 3479 769 3560 τῆς
791 3476 927 3560 βορείου
948 3474 1054 3559 πέρας
1076 3473 1154 3539 ἐστί.

212 3586 339 3645 Accedit
360 3603 432 3644 vcro
454 3585 591 3661 ollares,
615 3604 704 3661 quam
729 3586 847 3642 maximi
871 3584 1011 3644 uuemcuti
1027 3602 1092 3644 csse
1109 3585 1250 3643 existimo.

126 3688 381 3747 Perlustravimus
404 3688 484 3745 enim
507 3687 654 3762 periplnm
679 3687 730 3762 qui
763 3706 780 3744 a
803 3687 895 3761 Calpe
917 3685 1063 3760 incipiens
1093 3687 1249 3762 usquead

127 3790 286 3848 Artabrum
311 3790 550 3866 promunturium
581 3796 744 3865 provectus
767 3794 825 3847 est:
861 3806 922 3862 qua
952 3804 1018 3845 cum
1049 3787 1250 3863 descriptione

127 3891 214 3950 etiam
238 3891 533 3950 naediterraneorum
557 3892 746 3967 populorum,
769 3891 819 3966 qui
844 3895 910 3965 pest
932 3892 1038 3963 gentes
1054 3909 1125 3949 crae
1141 3891 1250 3949 mariti·

129 4013 193 4052 mae
216 3993 391 4069 adjacentes
415 3993 557 4069 habitant,
580 4011 686 4068 pressa
708 3993 892 4051 enumeratio
916 3992 1076 4068 conjuncta
1091 4011 1158 4051 esse
1182 3993 1249 4050 milri

127 4127 330 4134 ——-.—.——

215 4195 235 4254 ¹)
254 4191 415 4244 llluellernm
435 4205 536 4256 sequor
553 4186 617 4255 (igr.
637 4189 663 4241 h.
682 4205 722 4252 gr.
741 4188 791 4240 Ill.
814 4206 838 4256 p.
854 4192 910 4242 illia.
930 4186 982 4253 sgr.
1001 4191 1054 4253 95).

1011 4292 1046 4341 2*
